1715 2908
205 189 308 226 rnremAE
326 190 494 226 rusucurium
513 175 622 232 oriturus
744 178 793 227 271

32 298 96 331 more
112 288 259 347 exspirantis,
279 293 303 332 et
319 288 377 335 visis
393 287 465 345 signis
485 301 537 348 quee
557 288 651 344 fiebant,
668 275 795 336 timuerunt

32 360 103 414 ualde,
118 368 138 406 et
150 361 337 421 ptoritieeveruut
349 363 428 415 Deum,
438 361 550 407 dieentes:
563 363 618 407 Vere
635 363 670 407 trie
681 363 744 407 horno
752 365 794 422 pu—

32 441 80 481 stus
92 442 112 480 et
123 437 200 482 Filius
214 437 257 481 Dei
269 442 320 483 erut
332 437 370 495 (i).
383 436 417 483 Et
427 436 531 482 videbunt
550 451 598 496 quoe
610 437 702 496 fiebunt,
712 452 795 497 pereu-

15 503 17 505 ’
32 508 113 556 tientes
120 516 213 569 pectora
221 524 263 556 seru
276 511 447 558 revertebuntur
459 512 591 570 compuncti
602 513 682 557 corde.

63 587 89 631 3⁰
98 584 194 632 Stabunt
207 590 282 631 aretem
293 599 366 632 omues
378 586 427 632 uoti
441 587 489 646 epus
505 586 606 649 αἰοπρθ,Ι
614 601 696 648 nempe
716 587 796 633 Disci-

32 659 89 720 puli,
101 665 123 707 et
133 660 296 721 mulieresque
306 669 384 708 secrete
396 668 462 708 erunt
475 661 548 708 eumn
560 653 655 709 caeterea
666 663 712 710 iroee
722 663 796 710 uiden-

33 737 112 795 (ΜΞ),
125 750 207 797 nempe
225 738 298 785 ittarta
314 737 458 799 Mogdniena‚
474 739 546 783 Maria
565 738 653 794 iacobi,
668 740 794 800 et'ioseph

32 813 114 866 Mater,
128 817 152 858 et
163 813 263 859 Salome.

63 888 169 947 Adjunge
187 895 210 934 te
221 887 266 933 iilis
283 888 397 944 omnihus,
410 889 471 934 intra
488 890 512 933 in
525 889 618 934 eosdem
632 888 742 945 affeetus;
754 888 793 934 sed

35 962 118 1008 accede
129 963 230 1021 propius,
243 968 266 1007 et
276 976 347 1022 prope
359 975 452 1008 crucem
461 963 549 1022 iugiter
562 969 648 1021 persta.
676 1002 677 1005 ,

63 1038 179 1083 Puucrmu
189 1037 217 1081 Ii.
228 1062 255 1070 -
266 1038 361 1097 Apertio
374 1037 463 1082 lateris.

64 1113 89 1155 t⁰
100 1110 249 1169 crurifragio.
261 1112 358 1157 Mortem
375 1110 526 1157 acceleratum
541 1114 656 1156 venerunt
674 1114 793 1156 tortores:

34 1184 75 1229 sed
85 1198 165 1231 eorum
177 1186 284 1245 opinione
294 1192 318 1232 et
330 1191 385 1231 voto
397 1186 466 1231 eitius
478 1189 584 1231 mortuus
596 1185 710 1243 praeuenit
725 1185 796 1230 saeui-

33 1259 103 1317 tiam3
115 1266 142 1305 ut
154 1262 294 1306 sacrificium
304 1273 345 1319 per
357 1274 382 1306 se
396 1261 460 1321 prius
476 1265 655 1315 consummaret,
669 1265 693 1305 et
705 1259 796 1305 accelera

34 1342 97 1380 raret
109 1336 300 1395 redemptionem,

48 1444 49 1447 =
64 1415 89 1458 2⁰
100 1411 143 1458 Sed
156 1416 181 1456 ut
189 1411 264 1457 adhuc
276 1413 386 1459 saevirent
396 1411 420 1458 in
431 1416 557 1466 mortuum,
569 1424 629 1457 untes
640 1409 740 1457 militum
749 1411 796 1457 tun-

34 1500 71 1534 ceu
79 1487 140 1535 latus
154 1488 200 1546 epus
211 1488 303 1547 operuit
317 1488 355 1547 (3),
367 1499 413 1533 non
425 1487 475 1534 sine
487 1488 608 1549 mysterio.
626 1487 669 1532 Per
679 1487 722 1532 hoc
735 1487 795 1532 enim

34 1570 115 1622 aperta
125 1562 191 1608 nobis
204 1563 233 1608 ad
244 1568 285 1608 cor·
294 1566 367 1625 janua
377 1567 427 1619 est;
441 1569 464 1607 et
476 1564 537 1607 diors
548 1575 575 1608 ac
585 1563 734 1608 Resurrectio
746 1563 796 1621 ejus

34 1644 131 1691 asserta,
145 1644 168 1683 et
180 1638 307 1696 Scripturae
319 1638 443 1696 Prophetis
456 1637 551 1696 impleta
562 1637 599 1695 (4).
615 1670 617 1672 -

64 1714 90 1756 30
102 1712 135 1758 Et
148 1711 253 1757 contiuuo
268 1711 337 1755 reeicit
348 1710 440 1770 surrpuis
455 1717 476 1756 et
487 1725 554 1770 epten,
566 1715 695 1770 opportuna
708 1711 796 1756 sancti-

33 1785 149 1832 ficationis
160 1791 182 1830 et
191 1786 273 1832 salutis
283 1786 393 1831 remedia.
406 1787 476 1831 Porro
487 1800 548 1845 aquo
559 1785 684 1831 succedens
695 1785 795 1830 ostendit

34 1866 109 1907 totum
119 1862 256 1920 sanguinem
268 1850 415 1906 exhaustum.
427 1860 514 1920 Collige
528 1861 643 1920 pretiosas
654 1864 741 1920 guttas,
753 1873 796 1907 nec

33 1936 120 1993 frustra
132 1936 233 1982 effluant.

64 2015 180 2060 Funerum
189 2013 229 2058 111.
240 2038 267 2047 —
280 2012 400 2072 Depositio
411 2012 440 2057 de
451 2024 520 2058 eruce
530 2016 554 2056 et
564 2012 693 2072 sepultura.

65 2091 90 2134 i⁰
103 2082 215 2149 Josephus
226 2087 255 2134 ab
268 2087 418 2140 Arimatheen,
434 2085 516 2131 nobilis
525 2086 627 2142 decurio,
639 2087 750 2132 audacter
761 2100 797 2132 uc·

34 2165 97 2211 cedit
109 2165 138 2210 ad
149 2163 256 2218 Pilatum,
268 2169 291 2209 et
306 2162 373 2222 petiit
385 2164 473 2222 Corpus
492 2163 546 2208 Jesu
556 2162 598 2222 (5);
612 2167 643 2220 et,
656 2163 796 2208 Centurione

35 2245 133 2286 mortem
144 2242 278 2293 attestante,
292 2237 359 2284 facile
372 2238 480 2284 obtinuit.
491 2238 551 2283 Huic
565 2238 669 2296 adjungit
686 2251 711 2283 se
724 2238 797 2283 Nico-

35 2315 123 2369 demus,
134 2329 193 2360 unus
204 2329 231 2360 ex
244 2314 397 2367 senatoribus,
412 2321 435 2357 et
447 2312 496 2371 ipse
511 2312 637 2372 discipulus
649 2313 703 2357 Jesu
717 2317 796 2359 occut-

36 2398 72 2437 tus
86 2392 122 2451 (6)Ι
137 2391 243 2436 Audaces
259 2391 315 2436 facit
332 2403 393 2447 mors
410 2389 495 2433 Christi
509 2389 574 2448 prius
592 2387 693 2434 timidos.
708 2390 796 2448 Corpus

35 2466 64 2514 de
82 2480 151 2513 cruce
169 2466 287 2527 deponunt
307 2469 447 2520 reverenter,
458 2464 557 2524 copiosis
579 2465 721 2511 aromatibus
739 2454 816 2510 con-⁴

58 2620 85 2666 (i)
93 2620 137 2658 Luc.
145 2628 198 2655 xxm.
449 2615 475 2661 (t)
484 2616 553 2655 Psaim.
562 2624 627 2652 xxxin.

21 2709 22 2712 Ἰ
56 2668 85 2711 (2)
94 2665 173 2702 ibidem.
450 2660 476 2705 (5)
485 2661 552 2697 Matth.
561 2672 617 2701 xxvii.

60 2712 87 2760 (3)
98 2713 151 2750 ioan.
160 2720 195 2747 rui.
451 2706 478 2752 (6)
486 2707 540 2745 Joan.
550 2717 587 2743 mx.
