1715 2812
320 173 502 211 'PRAEPARATIO
760 158 794 212 23

32 255 150 327 domadae;
164 276 189 317 30
208 284 236 315 ex
252 270 361 322 Gairdien
375 283 425 329 cap.
447 283 481 315 vr.
500 271 599 316 Possunt
618 274 697 315 autern
715 269 794 314 omnia

32 350 110 394 reduci
123 348 152 392 ad
165 345 209 390 tria
222 345 311 402 capita3
325 358 406 403 nempe
425 345 455 388 ad
465 344 628 402 dispositiones
640 345 752 398 internas,
764 344 793 387 ad

33 432 127 469 externa
137 421 279 478 adjumenta,
294 419 323 464 ad
337 419 424 464 monita
439 420 502 464 circa
512 420 682 473 lleditationes,
695 419 727 463 ua
741 419 794 478 qiri-

31 499 75 543 bns
84 498 123 542 fiet
135 506 231 540 examen
242 493 382 551 particulare
395 494 507 553 quotidie,
517 495 584 553 jtrxta
596 499 683 554 puncta
693 506 794 552 sequen-

32 573 74 619 tia.

33 698 46 757 ξ
60 700 83 742 l.
101 722 127 730 -
144 696 307 757 Dispositiones
316 697 413 743 interita
425 697 455 742 ool
464 711 555 743 sociarat
566 711 670 744 secession
678 697 795 757 fiacctaoso

347 772 480 818 abaciacum.

63 875 87 917 lo
100 872 185 920 Feruor
196 878 219 919 et
232 873 340 920 alacritas
351 874 379 920 ad
394 874 442 920 haec
454 873 571 921 Exercitia
581 872 680 920 libenter
689 878 712 919 et
724 872 792 920 aride

33 947 189 1004 suscipienda.
645 941 648 946 ’

63 1028 87 1071 20
100 1023 221 1070 Fortitudo
233 1023 263 1069 ad
273 1024 415 1083 superandas
429 1023 616 1080 oi·fficuliaies,ct
627 1024 705 1070 omnia
716 1024 791 1084 irnpe-

33 1100 136 1144 dimenta
149 1100 290 1144 occurentia.

63 1178 88 1219 30
98 1175 188 1220 Arcens
196 1174 337 1236 desiderium
345 1175 627 1235 prolectusspiritcaliset
635 1175 794 1234 perfectionis.

62 1252 88 1295 40
98 1251 181 1308 Ingens
192 1263 247 1308 erga
257 1250 331 1295 Deum
344 1250 479 1306 liberalitas,
494 1251 531 1297 cui
544 1250 601 1296 nihil
613 1251 753 1309 negandam.

62 1327 86 1369 50
98 1325 202 1372 Perfecta
220 1327 243 1370 in
262 1339 343 1372 omncs
360 1327 410 1386 cjtis
427 1326 560 1373 uoluntates
580 1326 715 1386 resignatio,
734 1328 796 1373 circa

32 1401 210 1455 consolationes,
222 1401 379 1449 desolationes
391 1408 414 1448 et
426 1403 471 1448 alia
483 1404 569 1448 omnia.

62 1479 87 1520 60
96 1476 178 1533 Magna
191 1476 227 1521 sui
238 1475 374 1531 diffidentia,
382 1485 405 1522 et
416 1477 520 1535 perlecta
531 1479 554 1521 in
565 1478 613 1522 Deo
625 1477 720 1522 fiducia,

62 1551 88 1595 70
100 1551 165 1597 Seria
184 1559 207 1596 et
225 1558 334 1597 constans
357 1552 482 1611 applicatio
500 1553 530 1598 ad
551 1553 628 1598 omnia
644 1552 761 1598 Exercitia
783 1564 796 1596 a

32 1626 145 1685 principio
157 1626 185 1671 ad
197 1625 266 1670 finem
276 1640 359 1686 usqae.

62 1704 87 1745 80
98 1701 167 1747 invat-
177 1705 242 1745 sanct
244 1713 269 1745 os
235 1702 326 1746 ttPa
318 1707 396 1747 tronus
409 1700 517 1760 eligere
510 1716 534 1746 in
546 1705 623 1746 totum
633 1713 758 1756 secessum,
771 1701 796 1744 in

33 1774 93 1831 singt
92 1774 135 1820 ilas
152 1774 336 1831 hebdomadas,
331 1788 377 1822 imo
391 1781 415 1821 et
428 1776 452 1821 in
465 1775 514 1822 dies
525 1775 636 1870 singalas,
651 1788 738 1836 eosque
748 1775 796 1821 fre·
807 1815 810 1819 .

33 1856 130 1909 quanter
142 1849 259 1896 inuocare

84 1978 97 2037 ,δ
113 1982 135 2028 2.
148 2004 175 2013 -
187 1978 312 2038 Adjiimeot
312 1985 430 2026 cesterna
440 1978 469 2026 ool
479 1979 579 2025 cuondam
588 1979 655 2037 ptaom
663 1976 740 2025 atilio.
781 1973 783 1975 ’

62 2078 87 2121 40
100 2076 205 2124 Solitudo
226 2076 330 2139 perlecta
342 2076 405 2124 intus
425 2084 448 2124 et
470 2076 534 2134 foris,
546 2078 613 2138 quasi
637 2076 700 2124 solus
720 2076 753 2124 sis
771 2076 796 2122 in
823 2099 825 2102 ·

32 2153 118 2199 mundo
131 2167 184 2199 cum
195 2153 244 2201 solo
257 2154 314 2199 Deo.

62 2234 88 2278 20
98 2229 220 2285 Silentium
231 2230 302 2276 etiam
312 2224 454 2290 perfectum,
467 2235 494 2276 ut
508 2229 565 2276 nihil
576 2229 669 2277 omnino
682 2229 794 2290 loquaris,

32 2305 76 2351 nisi
89 2306 118 2352 de
130 2305 199 2353 rebus
210 2306 354 2360 necessariis,
370 2305 445 2352 obiter
464 2312 487 2352 et
501 2307 631 2367 perpaucis,
644 2312 667 2352 et
679 2306 795 2352 submissa

32 2395 97 2428 voce.

62 2461 88 2504 30
98 2457 203 2505 Perfecta
217 2458 332 2505 modestia
352 2459 483 2518 praesertim
496 2458 623 2515 oculorum,
643 2471 726 2504 arcens
743 2457 795 2504 illos

31 2532 62 2578 ab
72 2534 134 2578 omni
145 2534 230 2579 curiosi
223 2535 288 2579 ietat

3 2631 6 2637 ·
63 2609 88 2653 4⁰
101 2607 184 2666 Goarit
176 2613 211 2654 tas
221 2608 289 2665 seria,
303 2609 385 2665 risum,
393 2609 473 2669 jocum
485 2613 509 2655 et
519 2608 602 2656 levitat
592 2613 640 2654 etm
652 2621 744 2656 omnem
755 2607 795 2654 fn-

3 2712 5 2714 ·
33 2685 107 2743 giens
275 2690 283 2698 “
