1715 2812
37 118 70 171 12
128 123 130 126 ’
217 133 412 171 nxnaorrrouun
431 132 614 170 semianimum

37 231 162 291 disponunt
181 229 211 277 ad
229 230 336 277 effectum
353 243 420 276 suum
439 229 620 292 producendum,
637 229 800 290 pertineutqus

38 307 67 353 ad
79 306 182 353 ordinem
192 292 257 353 illurn
268 305 411 365 aptissimum
423 305 452 351 ud
462 304 499 364 pie
509 304 626 351 movendos
636 305 736 366 fidelium
747 305 800 351 urzi—

25 423 26 426 ,
37 376 83 428 mos
90 394 104 427 a
112 379 358 432 Pontificelaudatum.
365 381 461 428 Gaeterae
468 385 546 426 autem
553 379 716 426 Meditationes
724 376 800 426 minus

39 456 177 517 principales
186 470 228 518 pro
238 455 335 502 arbitrio
343 456 402 514 lieri,
413 460 453 502 aut
465 455 541 501 omitti
552 462 657 515 possunt,
672 468 714 501 nec
726 455 810 515 perti-·

39 537 95 578 nent
105 532 150 578 nisi
162 531 191 577 ad
200 531 359 591 integritatem
370 530 540 576 Exercitiorum
552 530 715 590 spiritualium.

69 605 131 652 Ordo
142 610 220 651 autem
232 604 271 650 ille
286 606 388 664 optimus
407 604 430 649 in
448 604 492 650 boo
509 605 624 659 consistit,
639 604 701 664 quod
725 603 801 663 posito

39 681 151 741 principio
161 694 201 726 seu
210 680 368 736 fundamento,
378 693 460 739 nempe
470 679 531 726 seria
538 686 562 725 et
572 679 687 738 profunda
699 679 800 725 medita·
814 684 816 686 ’

39 756 101 800 tione
111 754 164 800 finis
175 753 258 811 ultimi,
272 758 322 800 tum
333 754 462 814 praesentis,
475 760 524 799 tum
537 752 622 800 iuturae
637 754 701 809 vitae,
715 759 739 799 et
750 750 814 800 me?

39 829 130 874 diorum
142 841 170 875 ao
182 829 366 888 perducentium,
380 827 478 887 quilibet
489 826 560 887 probe
572 828 704 873 consideret
716 834 739 874 et
751 841 802 888 cog·

40 909 121 948 noscat
139 903 255 962 quomodo
271 908 294 948 et
306 907 418 963 quantum
430 901 460 949 ab
476 900 515 947 illo
526 901 572 947 line
583 901 735 959 aberraverit,
754 916 800 963 quo

40 979 124 1024 damno
143 984 167 1025 et
185 992 230 1039 quo
247 978 358 1039 periculo.
375 978 464 1024 Deinde
482 977 561 1024 videat
572 982 602 1031 ¹et
623 978 733 1025 decernat
756 993 801 1040 quo

40 1054 107 1109 duco,
120 1054 204 1113 quibus
222 1054 305 1100 mediis
317 1054 340 1098 in
350 1054 413 1099 viam
429 1052 519 1108 redeat,
531 1059 554 1098 ot
569 1052 594 1097 in
608 1065 635 1098 ea
653 1053 802 1111 progrediens

41 1127 70 1172 ad
81 1127 174 1192 dictum
182 1128 277 1174 tandem
287 1128 355 1173 finem
368 1127 497 1186 perveniat.

70 1202 147 1248 Prima
162 1201 315 1259 hebdomada,
334 1215 387 1263 quae
404 1202 486 1262 incipit
506 1215 519 1249 a
540 1202 614 1261 primo
633 1202 749 1250 Exercitio
774 1205 803 1252 do

42 1278 152 1336 peccatis,
165 1279 269 1324 continet
287 1278 404 1324 Exercitia
420 1279 465 1329 uiae
480 1279 618 1339 purgativae,
632 1278 754 1340 tenditque
773 1281 813 1327 ad*

43 1352 207 1412 cognitionem,
225 1354 404 1399 detestationem
420 1358 443 1398 et
457 1352 535 1412 sugam
551 1361 707 1414 peccatorum,
721 1355 804 1415 suique

42 1427 115 1489 ipsius
125 1427 248 1474 victoriam
260 1434 284 1474 et
296 1429 421 1475 affectuum
433 1428 612 1475 ordinationem.

72 1503 168 1549 Materia
179 1502 355 1549 meditationum
367 1510 421 1549 sunt
432 1510 535 1564 peccata,
550 1515 676 1563 eorumque
688 1517 764 1564 poenae
776 1519 804 1551 ac

42 1580 153 1627 remedia.
173 1582 257 1627 Forma
272 1580 432 1641 praescribitur
450 1580 474 1626 in
489 1580 639 1627 bleditatioue
655 1581 736 1641 prima,
751 1596 803 1643 qum

42 1655 127 1701 dicitur
138 1656 208 1702 trium
219 1657 385 1717 potentiarum,
396 1669 423 1702 eo
436 1656 498 1716 quod
508 1656 532 1700 iri
545 1655 641 1714 singulis
651 1658 701 1715 epus
712 1659 804 1716 punctis

44 1736 91 1775 tres
111 1730 223 1790 potentiae
243 1730 335 1785 animae,
357 1730 477 1785 memoria,
498 1728 630 1776 intellectus
654 1736 677 1775 et
697 1729 804 1777 voluntas

43 1810 191 1861 exercentur3
207 1806 269 1866 quod
284 1820 329 1852 uon
345 1806 371 1851 fit
390 1806 414 1851 in
428 1805 578 1851 bleditatione
595 1805 709 1866 sequenti,
721 1818 763 1852 sau
780 1807 804 1852 in

42 1880 143 1927 secundo
154 1880 271 1927 Exercitio
287 1881 317 1927 do
334 1881 449 1941 peccatis;
463 1893 516 1926 uam
526 1880 550 1925 iu
564 1880 639 1941 primo
658 1884 743 1940 puncto
756 1880 804 1927 sola

42 1955 161 2012 memoria,
175 1957 199 2001 iu
212 1955 313 2003 secundo
325 1963 348 2002 et
358 1956 448 2002 duobus
464 1955 615 2016 sequentibus
628 1955 692 2001 solus
707 1955 755 2001 iere
766 1955 804 2001 in-

43 2032 157 2088 tellectus,
167 2032 191 2076 iu
203 2031 284 2091 quinto
297 2030 346 2077 sola
356 2030 463 2077 voluntas
475 2037 608 2076 exercetur.

71 2105 212 2164 adiumenta
223 2105 350 2152 nieditandi
366 2105 490 2152 traduntur
510 2105 535 2151 in
552 2105 633 2152 decem
648 2104 804 2152 additionibus

43 2182 65 2226 in
83 2181 129 2226 fine
144 2180 235 2239 positis,
247 2194 300 2240 quae
320 2187 373 2227 sunt
393 2180 455 2239 leges
475 2180 603 2240 generales,
617 2185 641 2225 et
665 2182 804 2226 conveniunt

42 2255 149 2302 omnibus
161 2255 320 2303 hebdomadis.
328 2257 373 2303 Sed
382 2261 481 2316 quatuor
492 2271 520 2303 ox
531 2255 586 2313 illis,
600 2269 682 2317 nempe
693 2258 803 2313 secunda,

42 2337 116 2388 sexta,
128 2331 235 2391 septima,
247 2336 270 2377 ot
289 2332 380 2378 decima
396 2331 540 2391 adaptantur,
549 2332 580 2378 ad
599 2335 738 2392 praesentem
748 2345 804 2391 pec-

43 2414 149 2454 catorum
160 2408 290 2462 materiam,
305 2412 336 2453 et³
346 2408 454 2454 allectum
470 2408 654 2468 compunctionis
666 2407 705 2452 liic
716 2407 805 2467 quaesi-

9 2475 12 2480 ’
44 2486 136 2537 tum3ot
147 2481 199 2527 idco
209 2481 233 2526 in
246 2481 298 2527 aliis
309 2481 558 2529 hebdomadis'variari
570 2482 654 2528 debent
665 2485 692 2527 ot>
701 2481 818 2528 materim

43 2555 223 2603 accommodari.
236 2556 397 2604 bleditationos
419 2570 460 2616 pro
483 2571 530 2603 uno
542 2563 634 2604 tautum
645 2556 683 2602 dio
695 2556 805 2616 praescri-

44 2636 137 2688 buntur,
149 2631 180 2678 ad
190 2631 258 2692 cujus
270 2644 375 2678 normam
385 2645 427 2692 pro
438 2632 489 2679 aliis
501 2631 636 2679 ordinandae
647 2636 709 2677 suut.
