1715 2908
178 191 303 228 sncnumn
321 191 488 227 nnnnouunm
506 192 653 228 coronemus
746 177 796 226 219

37 299 83 334 non
93 277 151 345 ruit,
162 289 210 335 sive
221 289 370 350 prohibendo,
385 290 433 336 sive
445 289 606 348 dissuadenda,
619 291 724 350 adeoque
735 304 796 335 nun-

38 377 108 424 quam
127 371 254 424 peccatum.
270 366 360 412 veniale
380 365 541 422 deliberatum,
560 380 679 427 nunquam
700 366 796 425 Reguiae

37 439 106 486 uilius
118 440 287 499 infractionem,
297 456 414 502 nunquam
422 441 620 501 imperfectionem
629 440 794 506 uoluntariam,

38 521 78 561 aut
90 515 247 562 resistentiam
260 516 349 575 gratiae.
603 520 605 523 ’

66 591 183 638 tamtarn
201 592 350 639 conformitas
367 592 468 653 passiva,
481 604 534 656 quae
545 598 634 652 spectat
651 592 796 640 voluntatem

38 667 80 712 Dei
91 668 246 725 permittentis
265 672 305 713 aut
320 668 446 727 operantis,
460 667 536 712 locum
554 667 622 713 habet
634 669 658 712 in
674 668 703 714 iis
719 680 797 728 quma

38 741 158 787 voluntate
169 750 249 788 nostra
264 756 310 788 non
321 744 436 803 pendent;
449 749 473 788 et
484 748 604 788 exercetur
618 745 745 802 generatim
756 756 798 803 per

38 817 225 876 resignationem,
240 824 262 863 et
274 818 396 877 speciatim
407 832 449 877 per
466 819 649 877 acceptationem
661 824 684 863 et
702 819 798 863 submis-

39 892 135 939 sionem.
147 893 172 936 t⁰
183 893 317 951 Resignatio
335 898 424 953 spectat
437 894 529 953 proprie
541 907 578 938 res
594 893 693 948 futuras,
707 899 747 939 ant
759 895 797 938 in-

39 975 122 1022 certas,
137 972 177 1013 aut
189 967 271 1013 saitem
281 969 380 1027 ignotas,
391 969 495 1028 facitque
506 974 531 1012 ut
542 981 583 1013 nos
594 970 641 1013 Deo
651 974 674 1013 et
686 970 797 1027 Superio-

39 1043 102 1088 ribus
114 1043 164 1101 ejus
184 1043 259 1088 locum
273 1044 404 1089 tenentibus
424 1049 486 1089 totos
500 1044 664 1102 permittamus
675 1034 794 1089 universa-

39 1116 99 1171 liter,
120 1117 194 1176 plene,
225 1125 340 1177 prompte,
369 1124 510 1175 constanter,
537 1117 629 1177 penitus
656 1117 799 1163 excludendo

40 1205 131 1237 omnem
146 1192 268 1248 actionem,
282 1192 422 1237 desiderium
439 1200 462 1237 et
478 1192 643 1251 cogitationem
659 1194 799 1238 contrariam

40 1268 82 1312 Dei
99 1267 222 1313 voluntati.
235 1271 260 1315 2⁰
275 1267 411 1326 Acceptatio
429 1280 470 1311 seu
486 1267 609 1312 submissio
629 1273 721 1327 spectat
739 1281 800 1327 prae-

41 1343 116 1388 sentia
133 1347 174 1388 aut
191 1343 319 1401 praeterita,
331 1341 484 1387 determinata
502 1347 525 1387 et
543 1348 605 1396 nota,
617 1343 640 1387 in
658 1342 743 1402 quibus
760 1343 799 1388 tati

41 1417 83 1462 Dei
94 1416 209 1463 voluntati
221 1415 390 1476 acquiescimus
403 1418 504 1470 omnino,
517 1416 586 1475 idque
596 1423 712 1476 prompte,
725 1417 799 1475 piene,

42 1497 182 1547 constanter,
196 1505 223 1538 ea
237 1492 370 1552 accipiendo
384 1498 406 1537 et
422 1492 541 1538 tolerando
556 1495 681 1552 patienter,
694 1495 801 1553 aequaui-

42 1570 118 1624 miter,
131 1569 271 1629 gaudenter,
287 1569 358 1628 idque
376 1568 526 1624 ostendend0,
543 1568 576 1614 vei
595 1569 692 1623 sitend0,
704 1569 741 1615 vet
760 1583 801 1614 eu-

42 1659 121 1705 pressa
134 1644 307 1705 approbatione,
319 1644 432 1689 vetetiam
445 1643 514 1690 lande
527 1652 549 1690 et
560 1644 688 1704 gratiarnm
702 1646 800 1703 actione,

44 1721 147 1781 exempto
160 1721 233 1766 sancti
247 1719 290 1765 viri
302 1720 351 1773 tob,
368 1726 466 1780 utraque
484 1720 633 1766 conformitas
648 1721 742 1781 passiva
762 1721 803 1766 dat

44 1797 140 1854 gloriam
159 1795 236 1841 divino
259 1794 402 1854 beneptacito
427 1795 488 1854 qnod
507 1795 577 1841 habet
603 1809 642 1855 pro
661 1796 729 1841 unico
752 1809 818 1841 mc·-

45 1871 100 1916 tivo.
805 1873 807 1877 ’

73 1947 111 1992 ΠΙ.
126 1972 153 1979 -
171 1945 246 1991 Media
264 1945 293 1991 ad
308 1944 368 1989 hanc
386 1944 571 1990 conformitatem
591 1946 761 2005 assequendam
780 1950 803 1990 et

45 2021 216 2079 perficiendam,
228 2026 282 2064 sunt
296 2034 301 2062 ι
316 2021 340 2062 t⁰
351 2018 439 2073 Oratio,
453 2032 499 2078 qua
509 2019 641 2078 frequenter
652 2026 676 2064 et
687 2020 803 2064 ferventer

46 2097 116 2141 aDeo
129 2101 230 2155 petatur.
241 2099 266 2141 2⁰
278 2094 396 2139 ttedirurto
415 2093 524 2152 frequens
539 2095 679 2139 motivorum
692 2108 733 2139 sen
750 2095 805 2138 fun-

46 2169 214 2224 damentorum,
227 2183 273 2230 qua
287 2169 351 2214 nobis
362 2168 485 2215 familiaria
497 2169 632 2214 reddantur.
645 2171 671 2214 30
684 2169 805 2229 Frequen-

47 2250 80 2290 tes
90 2245 226 2291 reflexiones
238 2245 300 2290 circa
311 2249 431 2303 paternam
447 2244 488 2288 Dei
501 2258 556 2303 erga
568 2258 608 2290 nos
623 2244 804 2304 providentiam.

48 2321 71 2364 40
81 2320 224 2366 Exercitinm
236 2320 332 2364 interius
343 2326 365 2363 et
378 2318 479 2363 exterius
490 2319 634 2378 singulorum
647 2328 742 2364 actuum
754 2321 806 2364 atin-

48 2402 130 2452 torum,
145 2395 235 2441 sciticet
253 2393 388 2440 obedientiae
405 2401 522 2440 accuratae
538 2396 560 2438 in
573 2395 640 2439 rebus
653 2395 722 2451 notis,
738 2397 806 2454 ignu-

47 2470 77 2520 ,iis
88 2480 166 2518 autem
179 2471 294 2517 effectivae
304 2476 327 2515 et
338 2475 502 2530 praesnmptae3
515 2471 679 2529 resignationis
690 2486 732 2532 per
741 2478 806 2517 actus¹

49 2548 165 2605 generales
184 2548 328 2592 moratione
349 2551 371 2590 et
390 2552 455 2591 extra
467 2560 472 2589 :
485 2547 541 2592 item
566 2560 605 2605 per
625 2551 692 2592 actus
708 2548 736 2593 ad
757 2548 807 2593 sin-

49 2622 101 2680 gula
112 2624 253 2684 applicatos,
265 2623 365 2683 denique
374 2621 464 2681 singula
474 2623 574 2669 maxime
582 2622 679 2669 adversa
692 2628 715 2669 et
726 2637 807 2683 aspera

49 2701 182 2763 accipiendo
195 2700 262 2761 quasi
280 2700 309 2747 de
321 2713 391 2746 manu
402 2698 494 2745 Domini
507 2697 610 2759 exempto
626 2698 669 2746 fob
681 2704 704 2745 et
719 2699 805 2746 Tohiae.
