1715 2812
319 130 496 168 campeanam
756 113 788 166 21

26 229 86 274 forte
106 228 218 288 majorem
239 227 294 274 vitae
313 235 360 274 tuae
381 235 471 287 partem
488 226 627 287 implevisti;
647 239 691 272 nec
712 232 789 272 tamen

11 303 103 351 adhuc
121 305 170 350 Deo
194 302 296 362 perfecte
315 303 402 349 servire
422 302 542 362 incepisti;
553 316 608 362 ergo
627 301 661 348 sic
679 314 722 361 age
740 302 790 347 sine

28 392 100 434 mora,
113 384 138 423 ut
149 378 251 438 perfecte
267 391 393 423 conversus
406 391 458 423 cum
474 377 588 437 Propheta
604 378 682 424 dicere
694 377 769 437 possis
783 390 788 420 :

29 453 87 499 Diri
100 468 107 498 .·
119 453 187 500 Neue
205 452 275 511 copi}
289 453 335 497 boc
356 452 452 498 nictatio
473 452 569 499 decrero
581 451 671 514 Eccelsi
682 453 733 511 [llt
749 451 790 497 sed

27 529 127 574 maxime
140 541 181 586 per
193 526 244 573 haec
255 526 381 572 Exercitia.

56 602 188 650 Secundum
199 613 205 645 :
217 601 257 647 illa
269 603 293 647 in
304 608 378 648 totum
392 603 488 648 tertium
498 616 582 648 annum
594 604 702 659 influunt,
717 602 790 648 adeo-

27 693 72 738 que
84 678 107 722 in
120 683 193 722 totam
203 677 311 723 vitamet
323 679 346 723 iu
359 678 433 737 ipsam
444 678 609 723 aeternitatem.
622 680 681 724 Hinc
693 677 790 723 maximi

27 751 137 797 momenti
149 758 211 808 sunt,
224 751 328 812 adeoque
345 766 398 799 curn
416 753 479 806 omni
492 752 612 812 diligentia
626 753 741 799 facienda.
751 754 789 800 Se:

27 826 72 872 mel
92 827 204 873 duntaxat
220 828 243 873 in
256 828 304 874 vita
319 829 384 886 fiunt,
399 842 449 884 nec,
464 828 483 874 si
496 827 561 883 velis,
575 842 606 876 ea
614 842 716 889 unquam
726 843 790 889 repe·

27 908 75 948 tere
86 903 173 963 poteris
185 918 190 948 :
203 903 308 950 defectus
318 919 373 964 ergo
386 910 439 950 sunt
451 904 621 965 irreparabiles.
744 951 746 954 ,

57 979 160 1025 Tertium
175 993 236 1026 :non
249 988 284 1027 est
296 980 329 1026 ita
340 979 434 1026 difficile
454 978 493 1042 illa
507 986 616 1027 accurate
633 979 722 1036 facere;
735 978 789 1039 quia

27 1053 81 1100 nihil
94 1060 184 1110 avocat,
199 1063 222 1102 et
234 1056 310 1102 onmia
317 1057 408 1115 juvant,
422 1056 441 1101 si
454 1069 556 1116 unquam
567 1055 633 1102 alias.

57 1130 186 1187 Quartum:
201 1131 364 1177 inexcusabilis
382 1139 417 1177 est
432 1132 538 1191 quisquis
555 1131 593 1176 illa
612 1131 756 1190 negligenter
766 1136 791 1176 et

26 1204 182 1263 perfunctorie
204 1205 261 1263 obit,
280 1206 335 1266 quia
355 1211 378 1251 et
400 1206 503 1252 laborem
521 1206 652 1252 necessario
677 1205 749 1261 subit,
767 1212 791 1251 et

27 1279 103 1325 fructu
117 1287 189 1326 caret,

56 1354 166 1413 Quintum
181 1370 186 1399 :
200 1369 252 1416 quae
270 1362 293 1401 et
310 1361 398 1415 quanta
413 1355 541 1403 consolatio
559 1361 610 1417 tota
628 1356 685 1412 vita,
699 1354 790 1401 sibene

26 1431 88 1477 facta
99 1430 155 1476 sint!
166 1435 258 1491 ,quanta
269 1435 292 1476 et
305 1443 375 1489 quam
387 1430 475 1476 inutilis
485 1431 615 1491 poenitudo,
627 1431 647 1477 si
658 1444 725 1477 secus
737 1429 791 1474 fue-

27 1505 70 1551 rit!
89 1519 179 1550 omnem
194 1519 248 1564 ergo
266 1504 445 1551 sollicitudinem
463 1505 555 1561 adhibe,
568 1505 624 1551 nihil
642 1506 735 1551 omuino
746 1518 790 1549 ne-

27 1580 95 1639 glige,
103 1587 128 1626 ut
137 1594 207 1640 quam
217 1579 391 1626 accuratissime
399 1579 464 1635 fiant,
471 1594 498 1626 ne
507 1594 553 1640 qua
566 1574 631 1640 parto
644 1578 790 1639 desisprutire

27 1654 70 1700 Dei
82 1654 119 1712 (2),
134 1668 253 1714 nunquam
265 1653 325 1700 lorte
336 1654 455 1701 rediturae.

57 1728 125 1786 Quid,
134 1730 153 1775 si
165 1730 245 1776 statim
257 1729 286 1775 ab
298 1729 341 1776 hoc
354 1743 447 1777 secessu
460 1742 522 1776 esses
534 1729 670 1785 moriturus,
684 1734 708 1775 et
718 1728 790 1775 totius

27 1805 206 1868 litterationem
216 1804 369 1851 redditurus?

57 1882 173 1927 Punnruu
184 1881 224 1926 ΙΙΙ.
238 1906 265 1913 -
278 1879 354 1926 llledia
367 1879 502 1940 adplenum
514 1893 595 1927 eorum
607 1892 740 1929 successum
754 1877 791 1924 ob·

28 1955 149 2001 tinendum
159 1961 213 2001 sunt
227 1955 281 2001 ista.
292 1955 393 2000 Primum
407 1969 412 1999 ε
424 1954 470 2000 illis
482 1968 507 2000 se
525 1955 628 2001 dandum
648 1954 756 2001 alacriter
767 1958 790 1998 et

28 2030 134 2082 libenter,
149 2031 214 2075 corde
226 2044 305 2090 ntapno
316 2035 337 2076 et
349 2029 425 2074 animo
437 2030 520 2076 volenti
534 2031 570 2091 (3).
584 2031 652 2078 Nunc
663 2030 724 2075 enirn
735 2035 792 2075 tem—

25 2119 68 2166 pus
78 2104 219 2166 acceptabile,
230 2119 290 2150 linae
302 2105 349 2150 dies
361 2105 402 2151 solt
412 2105 440 2159 tis
451 2106 491 2166 (ll.

58 2181 189 2228 Secundum
203 2196 207 2225 :
220 2180 265 2226 illis
277 2180 345 2227 unice
358 2180 496 2238 vacandum,
509 2181 597 2229 relictis
608 2181 659 2228 aliis
675 2181 789 2237 omnibus,

29 2256 164 2304 obliviscere
184 2257 287 2303 omnium
303 2266 459 2319 praeterquam
473 2257 515 2304 Dei
530 2264 553 2305 et
570 2259 612 2304 tui.
627 2258 709 2306 Vecete
721 2266 743 2306 et
754 2259 791 2305 oi-

28 2333 85 2389 dcte,
95 2334 200 2394 qnoniam
211 2348 247 2395 epo
256 2343 305 2381 scin
315 2334 375 2380 Dens
388 2335 425 2395 (5).

7 2439 9 2445 ·
58 2411 176 2457 Tertium:
187 2411 277 2470 integre
286 2409 517 2467 insistendum,nullo
530 2411 615 2457 omisso
627 2410 664 2458 vel
675 2410 789 2470 neglecto.
838 2474 840 2477 v

50 2560 76 2604 ll]
84 2560 153 2596 Psalm.
161 2548 221 2597 uxxrr.
386 2538 387 2541 Ἴ
441 2561 467 2607 (ll
478 2560 496 2596 Π
506 2560 589 2597 Corinth.
598 2570 624 2596 vr.

51 2604 79 2651 (2)
86 2606 143 2646 Hebr.
153 2616 186 2642 xu.
441 2608 465 2653 (bl
475 2607 543 2650 Psalmi,
553 2616 596 2642 xxv.

53 2651 80 2699 (3)
89 2651 222 2689 attractant
264 2704 266 2708 y
