1715 2908
204 173 317 214 oonnrns
335 173 504 209 HuBnoMADAE
530 174 660 210 snoounus
763 162 814 212 299

82 273 236 335 Colloquium.
249 274 304 319 Pete
320 286 370 321 esse
379 272 416 320 his
436 273 511 319 modis
529 274 636 321 omnihus
652 274 741 335 jugiter
760 289 813 322 cnm

53 348 111 396 Deo.

82 425 161 472 Lectio
172 440 200 471 ex
210 424 341 485 Evangeliis
354 429 455 487 quatuor
465 424 494 470 de
511 426 696 486 apparitionibus
708 426 814 483 Domini;

54 501 83 547 de
95 501 225 547 imitatione
245 500 338 557 Christi,
352 501 392 546 lib.
406 501 448 556 ΙΙΙ,
463 514 514 561 cap.
536 515 555 556 1,
571 501 599 547 de
619 502 711 548 interna
730 502 816 548 Christi

16 573 18 577 ’
55 576 170 622 locutione
178 592 183 634 3
192 589 243 637 cap.
253 590 280 632 11,
291 577 352 636 quod
364 577 451 624 veritas
462 576 525 621 intus
537 576 640 638 loquitur
653 578 703 625 sine
714 579 816 639 strepitu

54 653 185 710 verborum,
198 652 237 699 lib.
251 653 289 709 1V,
303 653 348 699 duo
361 653 436 713 prima
447 651 532 712 capita.

272 819 352 866 XXX.
370 818 596 866 CONSIDERATIO.

155 927 189 973 De
204 927 343 992 sanctissimo
359 926 436 976 Massa
451 925 568 986 Sacrificio
583 925 721 973 celebrando,

87 1033 141 1079 Tria
151 1033 267 1092 praecipue
279 1031 446 1078 consideranda
464 1036 531 1087 sunt3
549 1032 697 1091 praeparatio,
712 1031 819 1080 celebra-

57 1109 98 1163 tio,
114 1107 323 1167 gratiarumactio.

86 1184 105 1229 l.
120 1208 146 1216 -
158 1184 299 1242 Praeparatio
320 1181 405 1241 duplex
422 1180 598 1240 distinguenda
612 1185 701 1226 remota
719 1180 817 1238 scilicet,

58 1265 81 1303 et
92 1259 218 1318 proxima·

2 1351 4 1353 ·
88 1335 116 1377 l0'
124 1333 158 1378 Ad
172 1331 367 1392 preparationem
376 1335 489 1375 remotam
501 1329 603 1390 pertinet
614 1330 672 1389 Reg.
684 1330 759 1390 prima
777 1332 821 1378 Sa-

59 1408 186 1462 cerdotem,
204 1408 237 1452 Dc
251 1406 357 1465 retlploso
369 1405 488 1465 disciplina
504 1406 621 1465 precipue
633 1405 783 1462 observanda·
798 1411 821 1452 et
844 1393 846 1396 ’

59 1482 129 1528 tertia
141 1495 193 1545 quae
211 1482 288 1526 dicit:
307 1480 344 1526 lto
358 1480 432 1525 cicere
450 1479 562 1533 studeant,
582 1486 608 1525 ut
624 1481 722 1539 quotidie
740 1481 821 1527 merito

60 1557 170 1603 celebrare
178 1556 279 1616 possict;
291 1563 313 1600 et
325 1555 418 1601 additur
432 1569 437 1599 ι
449 1555 484 1600 Ad
495 1555 566 1615 idque
578 1556 692 1601 conducet
702 1557 785 1616 saepius
796 1558 820 1601 in

60 1633 194 1679 hebdomoda
203 1632 313 1690 cortptteri,
325 1645 392 1690 prtum
406 1636 482 1676 octavo
499 1644 582 1691 quoque
593 1631 637 1685 die,
650 1637 677 1677 ct
691 1631 770 1678 dehent
781 1646 823 1678 om·

60 1723 105 1755 ces.
117 1711 171 1755 Tria
182 1722 235 1768 ergo
246 1708 291 1753 illis
302 1708 511 1753 commendantur:
525 1708 581 1754 vitae
596 1708 687 1768 puritas
699 1713 723 1754 et
740 1709 823 1755 sancti·

61 1791 104 1839 tas¹
119 1789 228 1832 accurata
241 1783 387 1844 regular-itae,
400 1788 423 1829 et
433 1782 542 1843 frequens
554 1784 678 1830 confessio.

91 1865 116 1909 2⁰
132 1861 167 1907 Ad
185 1860 378 1921 praeparationem
397 1860 527 1920 proximam
546 1859 656 1921 pertinet,
668 1860 694 1904 l⁰
712 1859 824 1906 recitasse

60 1937 199 1983 llatutinum
217 1940 240 1981 et
256 1935 355 1981 Laudes.
375 1934 399 1980 Si
419 1935 463 1980 hoc
484 1935 559 1995 pridie
578 1934 666 1981 factum
686 1940 728 1991 est,
741 1935 824 1981 saltem

62 2026 129 2058 mane
140 2010 302 2072 praemittenda
315 2014 350 2055 est
368 2015 478 2055 consueta
495 2009 616 2055 meditatio
632 2016 656 2055 et
672 2011 692 2056 si
703 2011 825 2056 commode

63 2088 112 2135 lteri
130 2094 214 2148 potest,
227 2087 298 2133 etiam
315 2087 393 2131 Prima
411 2085 480 2131 officii
496 2085 663 2143 ecclesiastici;
683 2089 709 2133 2⁰
725 2086 825 2146 probare

63 2165 182 2223 teipsum,
197 2162 320 2223 cogitando
333 2153 390 2223 qnid
400 2162 431 2208 sis
443 2174 457 2207 a
467 2167 491 2207 te
507 2162 569 2222 ipso;
584 2161 673 2208 scilicet
683 2161 790 2219 nihilum,
803 2168 826 2208 et

63 2244 179 2301 peccator.
194 2240 251 2297 Quis
269 2252 319 2285 esse
338 2239 430 2297 debeas,
445 2243 471 2284 nt
486 2238 592 2284 minist-er
608 2238 692 2284 Christi
708 2244 732 2285 et
743 2239 827 2286 Eccle-

63 2315 122 2363 siae‘?
140 2322 243 2371 sanctus,
261 2316 379 2371 innocens,
398 2314 541 2374 impollutus,
556 2321 581 2361 ut
597 2315 702 2362 Christus
720 2318 780 2376 ipse.
792 2316 828 2362 Ad

64 2394 108 2439 hoo
115 2394 219 2452 recogita
233 2400 330 2453 peccata
343 2398 385 2438 tua
397 2404 449 2439 cum
463 2392 604 2452 penitudine
614 2399 638 2439 et
658 2393 828 2440 emendationis

66 2469 190 2528 preposite,
204 2481 278 2529 eaque
292 2467 375 2514 saltem
389 2469 437 2514 Deo
454 2468 593 2528 generaliter
610 2468 729 2515 confitere.
742 2472 768 2513 39
784 2472 829 2514 At-

67 2544 134 2590 tende
143 2543 172 2590 ad
182 2542 265 2598 Christi
277 2543 381 2600 consilia,
393 2544 515 2605 ipsumque
526 2544 624 2590 induens
635 2543 682 2590 illis
693 2557 828 2605 cooperare.

66 2620 212 2680 Praecipuum
221 2625 299 2667 autem
312 2620 435 2668 eonsilium
446 2620 491 2666 tuit
503 2625 529 2666 ut
538 2626 600 2671 esset
609 2620 634 2666 in
645 2620 750 2668 Ecclesia
762 2621 831 2667 sacri·

67 2696 145 2742 ficium
156 2697 204 2743 Deo
223 2697 326 2757 dignum,
337 2703 360 2745 et
372 2696 560 2759 propitiatorium
573 2711 614 2758 pro
628 2696 693 2747 vivis.
707 2705 730 2744 et
747 2697 829 2744 delun-
