1715 2812
53 109 71 160 4
364 120 502 161 ermanno

54 220 167 283 impense
184 218 367 283 commendari,
381 222 500 281 tanquam
513 219 612 267 fidelem
627 220 707 269 sancti
721 221 815 285 ignatii

54 301 236 365 interpretem3
259 301 393 350 materiam
416 302 610 350 Meditationum
631 305 659 351 ut
680 303 816 364 plurimum

56 399 88 432 ex
100 384 155 448 ipso
169 384 272 446 sumpsi,
288 389 314 432 et
326 383 348 432 si
360 383 457 445 quando
470 383 558 443 defuit,
574 386 605 432 ad
619 371 749 448 ingenium
762 386 816 448 ejus

54 467 187 530 supplevi;
207 466 338 528 ipsumque
351 465 455 513 Librum
472 480 521 513 una
534 481 590 514 cum
602 466 700 515 Libello
710 467 817 517 Exerci-

53 547 149 596 tiorum
171 550 197 594 et
214 547 370 607 Directorio‚
390 546 496 609 singulis
517 547 543 594 in
566 564 666 597 secessu
686 551 816 608 menstruo

55 631 160 678 seorsim
172 629 273 691 integre
284 630 419 691 legendum
429 629 532 677 tradidi.

88 713 142 760 Hoc
155 710 237 760 officio
255 712 385 760 duodecim
401 711 473 760 annis
485 711 642 775 perfunctus,
660 699 791 764 formatas*
802 731 818 764 a

54 811 94 842 me
117 798 142 843 et
163 794 284 843 Patribus
302 794 410 843 traditas
431 794 611 845 Meditationes
638 797 771 860 plerasque
791 799 817 846 in

54 877 153 924 schedis
166 876 277 940 primum
292 875 421 937 annotari,
432 876 520 924 deinde
533 892 564 924 ex
577 877 664 926 ordine
677 879 817 943 descriptas

54 959 80 1007 in
92 958 220 1007 Libellum
236 958 323 1021 retuli,
336 958 362 1006 in
380 973 454 1006 usum
468 974 562 1021 meum,
577 961 603 1009 et
619 959 686 1010 forte
699 961 830 1013 aliorum*

55 1042 152 1090 Etcum
158 1043 266 1089 Romam
275 1041 367 1091 missus
377 1055 459 1090 essem
468 1042 500 1090 ad
509 1041 736 1106 Congregationem
742 1045 816 1108 XVI,

54 1126 210 1174 reverendus
218 1127 291 1187 pater
301 1124 433 1174 Generalis
442 1126 501 1174 data
511 1125 640 1174 occasione
652 1127 769 1185 hortatus
780 1131 818 1178 est

55 1211 138 1257 ment
151 1206 273 1255 notabiles
286 1221 373 1255 sensus
386 1209 412 1255 et
424 1207 528 1256 affectus
541 1208 727 1258 Exercitiorum
740 1210 818 1273 spiri-

56 1291 165 1340 tualium
177 1291 285 1338 edendos
298 1290 455 1352 colligerem.
469 1292 524 1345 Qua
536 1292 713 1341 exhortatione
723 1297 816 1356 motus,

55 1375 182 1423 Libellum
194 1390 288 1435 meum,
302 1389 375 1437 quem
389 1373 456 1423 forte
468 1391 566 1423 mecum
582 1377 719 1438 habebam,
740 1392 817 1426 reve-

56 1459 135 1506 rendo
150 1458 219 1520 patri
232 1457 339 1517 Groiset‚
359 1459 419 1504 tunc
436 1457 593 1505 Provinciali
604 1458 777 1522 Lugdunensi,
792 1461 818 1509 in

58 1541 149 1589 iisdem
163 1538 278 1589 Comitiis
290 1539 412 1600 versanti,
422 1539 557 1603 legendum
569 1541 658 1603 obtuli,
673 1542 715 1604 qui
725 1542 818 1593 lectum

57 1623 184 1687 probarit,
196 1621 319 1682 laudavit,
331 1624 358 1670 et
367 1622 490 1671 edendum
502 1622 592 1682 suasit,
602 1626 631 1672 ut
640 1626 666 1672 et
676 1624 720 1672 alii
727 1624 819 1677 Patres

58 1705 149 1765 nostri,
167 1704 210 1768 qui
232 1704 326 1767 aliquid
345 1719 377 1752 ex
389 1703 442 1767 ipso
461 1705 587 1768 legerant.
606 1705 646 1754 Ex
658 1721 687 1755 eo
706 1709 819 1772 tempore
845 1729 849 1736 ·

58 1791 154 1856 scripta
166 1790 192 1836 in
210 1789 297 1837 multis
313 1789 421 1849 correxi,
435 1790 518 1852 plura,
532 1805 588 1852 quae
600 1791 817 1854 desiderabantur,

58 1873 153 1936 adjeci,
171 1874 199 1920 ut
215 1871 369 1938 Opusculum
391 1871 512 1921 societati
535 1873 607 1933 utile,
631 1878 657 1922 et
676 1876 820 1938 praesertim

56 1957 176 2022 juvandis
188 1956 308 2004 Patribus
320 1955 404 2003 tertiae
416 1955 572 2019 probationis
585 1960 672 2021 aptum
683 1959 820 2009 concinna-

58 2056 122 2100 rem,
134 2043 160 2087 et
174 2039 255 2102 patris
267 2037 372 2087 Antonii
386 2038 496 2087 Gaudier
508 2039 611 2088 lacunas
623 2038 761 2103 explerem,
776 2042 821 2089 aut

59 2123 170 2170 deiectus
183 2121 335 2185 supplerem.

94 2206 126 2252 in
145 2205 192 2251 hoc
204 2208 289 2251 autem
301 2203 460 2266 potissimum
481 2204 594 2251 intentus
606 2202 652 2263 fui,
678 2206 707 2251 ut
728 2205 820 2266 genui-

61 2302 120 2336 num
137 2285 217 2353 sancti
238 2285 332 2347 ignatii
345 2284 462 2347 spiritum
484 2300 516 2334 ex
527 2283 625 2333 Libello
637 2285 691 2348 ejus
711 2289 737 2334 et
749 2287 820 2335 Dire-

60 2369 140 2418 ctorio
157 2369 275 2416 haustum
294 2366 438 2432 (utrumque
460 2371 545 2417 autem
565 2383 581 2415 a
597 2366 730 2430 sexaginta
748 2367 820 2415 annis

61 2455 88 2500 et
98 2451 206 2514 amplius
217 2450 307 2498 saltem
320 2450 398 2498 semel
410 2450 544 2512 quotannis
552 2450 651 2513 integre
664 2448 725 2514 legi)
736 2449 762 2497 in
775 2451 823 2498 hoc

61 2533 215 2598 Opusculum
234 2547 319 2580 meum
338 2531 551 2592 transfunderem,
572 2533 618 2580 nec
638 2531 770 2580 minimum
790 2532 822 2580 ab

60 2616 117 2682 ejus
128 2611 246 2665 methodo
259 2615 424 2686 discederem,
438 2614 552 2666 omnibus
569 2606 624 2678 ejus
636 2613 752 2678 Regulis‚
766 2614 822 2663 An-
