1715 2908
58 146 91 195 68
125 155 130 164 ’
267 180 268 183 =
356 163 411 198 nure
431 163 541 198 snxros*

49 255 174 305 'ritualiter
192 270 314 316 exequere,
328 266 360 307 ut>
370 259 434 304 dicas
447 272 498 304 cum
511 261 621 322 Apostolo
636 274 641 305 :
655 258 759 314 Quotidie
771 276 821 307 nto-

58 328 148 390 rr'orii)
163 328 304 376 omnibuset
318 332 374 378 mihi
391 333 443 392 ipsi.

87 404 202 451 Puuornu
214 405 282 450 ltt-
294 407 374 465 Mortis
383 408 517 453 necessitas.
530 408 718 454 Moriendumne?
729 409 818 470 utique,

34 498 38 501 -
58 479 175 524 hoc-certo
188 479 281 531 certius.
295 483 320 524 ro
334 483 401 527 Fides
414 482 489 527 docet.
506 484 623 528 Statutum
644 490 678 528 est
690 483 819 528 hominihus

59 554 171 608 omnibus,
188 553 238 599 sine
256 555 390 615 exceptione
407 556 462 601 ulia.
477 561 502 604 2⁰
516 558 584 603 Ratio
600 558 703 616 evincit:
718 558 780 616 quod
793 571 820 603 ex

59 628 179 673 elementis
196 629 256 674 inter
274 643 299 675 se
320 630 474 689 pugnantibus
493 637 639 689 compactum
659 636 702 684 est,
716 630 758 675 hoc
775 628 820 675 aii-

59 703 150 761 qnando
169 703 350 756 dissoluendum.
364 707 460 751 Naturae
473 705 508 749 lon
522 711 556 749 est
567 700 689 764 generalis,
704 704 765 765 quod
779 718 821 763 ge-

59 779 180 831 nerationi,
189 779 250 825 idem
264 787 287 825 et
300 781 441 840 corruptioni
454 780 577 825 obnoxium
592 794 650 826 esse.
663 784 688 825 30
701 780 821 839 Experien·

60 855 99 907 tiu,
110 861 133 901 et
158 862 267 902 constans
287 856 388 901 omniurn
407 862 469 902 retro
488 856 626 911 seculorum,
641 863 664 902 et
685 857 820 916 quotidiana

59 944 138 976 eorum
152 931 290 990 quibuscum
303 938 326 977 et
337 933 436 978 viximus
449 939 471 977 et
484 932 592 988 vivimus,
608 933 629 977 id
643 933 718 992 ipsum
736 931 821 977 confir-

60 1012 115 1052 inat.
123 1006 179 1063 Quis
193 1008 252 1052 enim
266 1008 376 1053 hactenns
389 1015 485 1053 mortem
498 1007 623 1053 erasure
636 1007 681 1053 Sed
691 1014 714 1052 et
724 1006 822 1053 innobis

60 1095 194 1140 responsum
205 1082 286 1128 mortis
298 1081 417 1146 habemus,
431 1082 588 1128 testimonium
605 1081 670 1128 nobis
687 1081 834 1144 perhibente
855 1099 856 1102 ¹

61 1158 117 1215 ipsa,
138 1171 207 1216 quam
232 1159 344 1203 sentimus
364 1164 386 1203 et
405 1157 586 1203 circumferimus
603 1157 745 1212 infirmitate,
760 1157 821 1217 quod

60 1231 174 1276 noscendo
188 1231 291 1277 debitum
304 1233 415 1290 moriendi
430 1234 596 1278 contraximus.

89 1306 145 1361 Quis
157 1313 198 1361 tot,
207 1307 323 1366 tantisque
335 1308 473 1353 testimoniis
481 1322 525 1360 non
536 1307 633 1352 credat?
644 1307 749 1352 credisne
757 1307 822 1366 ipse‘?

60 1387 153 1431 tenesne
174 1388 237 1427 certo
257 1382 297 1427 tibi
317 1383 461 1432 moriendum
480 1382 547 1428 csse?
560 1396 600 1428 eor
619 1382 689 1440 igitur
708 1380 819 1432 ironicis,

60 1457 90 1502 ito
104 1464 125 1502 te
140 1458 209 1515 geris,
223 1470 249 1502 ao
262 1458 281 1502 si
300 1457 408 1502 crederes
427 1465 448 1502 te
467 1470 557 1516 semper
575 1470 624 1502 esse
642 1457 765 1508 uicturum
781 1455 821 1499 uti

60 1545 161 1591 nunctum
172 1545 222 1577 esse
236 1532 400 1577 mor-tondunt
413 1546 468 1591 sape
482 1533 582 1585 tandem,
596 1540 618 1577 ot
630 1531 689 1590 qnod
702 1530 823 1581 indubita-

61 1608 108 1650 tinn
122 1606 200 1659 habes,
213 1606 281 1651 sactis
297 1607 401 1660 ostende,
418 1620 557 1666 omnemque
576 1606 732 1650 inordinatum
753 1605 786 1648 tui
800 1611 823 1649 et

60 1695 135 1725 rerum
147 1681 250 1726 omnium
263 1681 370 1726 affectum
384 1694 449 1737 exue,
464 1687 487 1726 et
499 1681 536 1726 dic
549 1694 628 1725 rursus
643 1695 647 1723 :
662 1679 766 1733 Quotidie
778 1692 822 1723 mo-

59 1755 118 1799 rior.

89 1830 205 1875 Puerorum
221 1829 260 1873 ΙΙΙ.
281 1853 308 1861 -
327 1829 468 1874 Incertitudo
493 1827 736 1874 circumstantiarum:
752 1839 821 1886 qutun
843 1826 848 1832 “

59 1910 148 1949 certum
163 1909 199 1949 est
216 1909 238 1947 te
249 1903 396 1956 moriturum,
410 1909 456 1948 tarn
472 1905 587 1949 incertum
605 1908 640 1946 est
657 1901 758 1960 quando,
772 1900 820 1955 ubi,

60 1978 182 2039 quomodo,
197 1977 276 2037 quoin
289 1984 352 2023 statu
365 1978 396 2023 sis
412 1979 544 2023 moriturus.
560 1980 585 2021 i⁰
597 1974 765 2033 Quandonam‘?
778 1974 822 2020 ho-

61 2054 133 2106 diene,
148 2066 176 2098 an
194 2052 264 2098 cras‘?
280 2058 333 2112 post
349 2052 494 2105 decendium,
510 2040 709 2098 undecennium?
728 2062 822 2109 prorsus
839 2085 841 2090 .

61 2129 145 2180 nescio,
157 2129 219 2173 Deus
234 2128 286 2172 scit.
303 2131 328 2173 ⁶2⁰
345 2125 460 2172 Ubinam?
471 2125 516 2177 hie,
532 2140 560 2171 an
572 2124 645 2170 aiibi?
657 2125 727 2182 dorni,
743 2138 771 2170 an
784 2123 795 2168 f
808 2151 821 2158 -

61 2203 108 2248 risi?
129 2204 151 2247 in
173 2203 276 2257 ciuitate,
302 2215 330 2246 an
355 2201 377 2245 in
401 2200 542 2246 solitudine?
567 2200 737 2257 nescio‚.·Dens
761 2199 823 2245 sciti

60 2283 84 2325 30
96 2278 231 2335 Quomodo?
244 2282 317 2322 morte
329 2276 471 2335 naturaii,an
485 2275 603 2322 violenta?
615 2289 642 2320 ex
654 2274 742 2330 moriem·
755 2288 783 2319 an
794 2288 822 2319 ex

59 2355 141 2403 senio‘?
152 2354 236 2410 subito
250 2368 279 2399 an
294 2353 347 2413 dato
366 2354 487 2413 tompore?
499 2366 578 2402 rrrrsus
595 2351 680 2406 nescio,
694 2353 755 2398 Deus
767 2352 820 2397 scit.

61 2435 85 2477 4⁰
96 2433 193 2476 Demum
207 2431 229 2474 in
249 2444 293 2489 quo
309 2430 390 2475 statut
401 2430 490 2488 gratiae,
506 2443 534 2474 on
553 2428 661 2488 peccati?
674 2428 778 2482 fervoris,
793 2441 822 2472 an

61 2505 162 2567 teporis?
172 2505 328 2552 Sacramentis
339 2506 453 2556 munitus
462 2519 489 2550 an
503 2503 645 2550 destitutus?
656 2503 724 2564 piane
734 2503 821 2560 nescio,

59 2583 122 2629 solus
133 2582 195 2626 Deus
208 2582 333 2641 praesciret
346 2582 466 2641 praevidet.
611 2569 612 2572 Ἴ

81 2671 258 2722 (nicoenum.
404 2659 408 2665 ’
