1715 2908
69 107 119 159 136
293 122 348 158 ntus
360 122 477 171 vuncrraus
495 122 602 168 rrnrrus

5 246 8 254 ι
67 230 159 279 semper
177 216 267 274 similis,
285 229 375 278 semper
391 216 435 263 sibi
448 217 553 277 aequalis,
568 224 593 263 ut
609 218 682 272 uultu,
702 219 735 263 sic
754 223 830 265 animo

66 305 158 353 semper
178 291 309 352 tranquillo,
332 293 360 338 nb
378 292 439 337 omni
458 290 588 338 inordinato
611 299 673 338 motu
697 299 830 339 constanter

66 368 187 416 abstinuit.
205 369 263 414 lraru
280 381 320 414 sau
339 368 448 429 vindictae
459 369 588 427 appetitum
601 368 692 427 penitus
705 368 828 428 ignorarit,

66 443 249 502 indignationem
267 445 411 504 compressit,
431 441 505 487 zelum
525 443 670 502 temperavit,
689 443 758 489 etiam
779 457 830 490 cum

67 516 208 563 exercendus
218 516 270 562 init.

96 597 122 640 20
138 592 233 653 Semper
251 593 324 638 comis
341 600 363 638 et
383 593 487 648 blandus,
506 592 612 638 omnibus
631 593 737 650 affabilis,
755 594 830 641 nemi-

67 682 118 713 nem
130 668 186 714 dure
197 669 294 728 excepit,
309 676 348 714 aut
361 682 440 727 aspere
451 667 549 727 repulit5
561 682 613 713 cum
626 667 688 714 nullo
701 671 828 725 contendit,

67 743 106 788 sed
118 744 195 803 potius
206 756 286 787 cnrnes
297 743 324 787 ad
336 757 360 788 se
371 742 467 788 lenitate
480 748 503 787 'et
516 743 631 788 suavitate
642 742 728 797 allexit,
742 750 767 789 ut
779 758 830 790 me-

66 819 111 863 rito
122 819 198 863 dictus
209 818 239 863 sit
250 832 339 877 accipiter
349 818 457 871 cordium,
467 822 490 863 et
502 817 530 863 de
541 819 591 877 ipso
602 818 733 864 diceretur:
743 819 830 867 Eamus

66 893 249 940 adsuevitotcm.
770 882 772 886 ’

97 973 122 1015 3⁰
134 969 195 1015 Nulli
209 971 300 1015 omuino
312 969 390 1015 nocuit
399 984 404 1024 ;
413 970 481 1028 juxta
492 968 548 1014 illud
563 983 568 1013 :
580 969 725 1016 Arrruda‘rrem
736 985 830 1031 qrrcsca-

67 1051 114 1091 tour
127 1059 173 1089 aron
191 1045 324 1104 cotafriapat,
344 1051 364 1089 ct
380 1044 452 1089 linem
469 1042 584 1102 funtipotts
602 1058 647 1089 troc
663 1045 777 1105 ectiuprrct
791 1049 828 1106 ll).

67 1120 127 1178 Quin
138 1121 215 1180 potius
228 1120 333 1165 omnibus
344 1119 459 1164 officiosus
472 1127 494 1165 et
505 1118 629 1175 beneficus,
643 1120 696 1166 data
709 1123 831 1169 occasione

68 1195 166 1255 profuit;
180 1202 203 1239 et
211 1196 259 1254 Jam
270 1200 317 1239 tum
326 1195 465 1253 pertransiit
475 1192 628 1253 benefaciendo
636 1194 673 1253 (ἓ),
687 1210 729 1255 pro
739 1198 830 1244 ratione

68 1271 145 1316 aetatis
157 1277 179 1314 et
192 1276 266 1315 status
278 1268 322 1314 sui.

96 1344 212 1390 Pauorem
223 1343 261 1387 ΙΙΙ.
271 1369 301 1377 -
313 1343 369 1388 Vide
380 1343 451 1389 etiam
466 1343 515 1401 ejus
527 1342 700 1402 simplicitatem
713 1344 737 1390 in
750 1345 830 1405 primis

68 1417 199 1462 amabilem.

98 1496 123 1538 l0
136 1494 160 1537 ln
175 1491 274 1538 candore
288 1490 367 1546 animi,
386 1491 473 1552 absque
491 1491 550 1546 fuco,
571 1491 715 1552 duplicitate,
731 1493 830 1541 simula-

68 1571 137 1625 tione,
150 1568 249 1620 lallacia,
264 1574 288 1612 ut
301 1569 424 1627 ingenuam
435 1567 559 1612 veritatem
571 1567 678 1614 decebat.

98 1649 123 1691 20
142 1644 166 1689 ln
186 1652 265 1689 tenore
281 1643 336 1689 vitae
352 1644 488 1699 communis,
504 1643 555 1689 aliis
575 1657 599 1689 se
615 1643 788 1702 conformando,
806 1653 829 1693 et

7 1758 11 1763 .
68 1735 108 1780 pro
121 1719 302 1766 circumstantiis
321 1718 383 1779 quod
400 1718 514 1778 agendum
533 1724 584 1765 erat
602 1721 690 1779 agendo
709 1735 714 1766 :
733 1721 830 1770 seclusis

68 1795 165 1843 aliorum
177 1794 313 1841 defectibus.

97 1876 123 1917 30
135 1872 160 1916 ln
177 1870 272 1916 horrore
284 1869 453 1929 singularitatis
468 1877 491 1916 et
509 1870 671 1926 affectationis,
683 1871 762 1919 volens
776 1874 829 1933 fru-

70 1948 145 1994 tribus
157 1946 282 1992 crariarilori
292 1945 318 1991 ic
328 1945 430 1992 arnallus
438 1946 466 2004 (3)
477 1945 564 2005 absque
575 1952 679 2005 peccato.

98 2026 123 2069 4⁰
135 2023 160 2068 In
173 2021 300 2067 intentione
312 2035 402 2081 semper
414 2026 478 2066 recta
491 2027 513 2065 et
522 2035 587 2080 pura,
602 2022 625 2066 in
636 2022 741 2069 omnibus
752 2031 775 2071 et
787 2026 830 2072 sin·

67 2098 134 2157 gulis,
149 2097 215 2142 unice
226 2096 350 2157 quaerendo
363 2102 386 2140 et
396 2095 541 2155 procurando
553 2095 650 2153 gloriani
662 2097 744 2153 Patris,
757 2106 780 2145 et
791 2099 830 2145 in-

68 2173 219 2219 structionem
232 2178 272 2218 aut
282 2171 460 2217 aedificationem
470 2178 582 2216 nostram.

99 2247 238 2307 Simplicitas
251 2247 337 2291 dicitur
348 2246 476 2292 rectissima
495 2246 524 2291 ad
536 2246 610 2290 Deum
629 2247 667 2291 ria
680 2261 685 2290 :
700 2246 760 2293 hanc
771 2245 830 2293 inire

68 2336 133 2377 cura,
147 2326 171 2367 et
183 2326 317 2367 constanter
333 2321 406 2381 sequi,
423 2327 476 2381 post
489 2319 606 2366 Christum
618 2325 641 2365 et
655 2335 696 2380 per
708 2335 733 2368 se
744 2322 829 2386 ipsum.

98 2396 153 2443 Haec
164 2396 240 2442 omnia
254 2396 278 2441 in
288 2394 379 2441 Christo
390 2396 488 2440 Domino
497 2408 549 2440 cum
560 2394 713 2441 admiratione
723 2396 828 2452 observa,

69 2477 92 2519 et
103 2477 216 2532 quantum
227 2477 294 2531 potes
306 2470 335 2517 ad
345 2470 435 2530 praxim
447 2469 534 2527 redige.

93 2591 204 2633 (allsxnu.
485 2588 512 2634 (3)
521 2586 609 2626 Heben.

92 2635 120 2681 (2)
128 2636 167 2672 Act.
176 2642 196 2669 x.
