1715 2908
221 146 333 186 ouanmu
351 146 518 181 annuentium
537 146 653 188 euanrus
678 122 679 125 ¹
767 134 816 184 317

60 241 165 298 sessores,
183 243 242 288 duce
259 248 339 288 sancto
355 241 473 295 Silvestre,
487 255 555 303 quem
566 238 697 304 'sequuntur
716 251 817 303 quatuor

59 318 168 365 Ecclesiae
186 319 305 373 Doctores,
317 319 369 364 cuni
382 317 433 365 aliis
451 317 540 365 duobus
557 314 693 373 notioribus,
707 331 753 363 uno
769 319 815 363 La-

61 395 116 450 tino,
129 392 201 439 altero
213 394 304 440 Graeco.

88 469 144 516 Dein
158 469 259 529 singulos
269 469 411 516 Fundatores
423 468 591 528 Religiosorum
608 468 729 525 Ordinum,
744 469 816 515 alios-

59 559 103 604 que
113 544 267 599 consessores,
277 545 421 598 Sacerdotes,
433 545 533 598 Levites,
547 545 676 601 Monachus,
687 544 814 590 Eremitas:

58 620 156 679 denique
166 632 244 665 ornnes
257 629 349 666 sanctas
359 620 472 673 Mulieres,
487 620 535 664 sire
547 621 668 680 Martyres,
682 620 731 667 sive
742 620 816 678 Virgi-

58 708 109 751 nes;
123 695 210 741 Viduas
222 695 343 740 autetiam
357 688 504 754 Coujugat'as,
516 695 596 754 paucis
608 694 744 740 clarioribus
762 701 814 754 post

57 772 152 816 illariam
171 770 329 830 lllagrlatenam
350 772 482 816 portunalis.
495 770 536 834 His
556 769 661 816 omnibus
684 771 812 827 recensitis,

57 846 176 892 collective
189 846 304 891 adduntur
320 861 324 889 :
339 846 419 891 Oruues
432 839 509 890 Sancti
521 850 542 890 et
553 843 640 890 Sanctae
652 843 703 898 Del,
714 846 814 892 autarce-

56 919 152 978 dr‘tepro
165 919 233 965 uelis.
247 920 295 965 Hoc
306 920 375 977 lacte,
390 926 463 965 totam
480 919 607 965 Jerusalem
624 919 740 965 coelestem
760 934 814 980 per·
837 923 839 927 '

58 994 177 1050 lustrabis,
191 1008 316 1054 omnesque
327 999 350 1039 et
366 994 467 1053 singulos
486 993 576 1039 Incolas
591 993 704 1050 salutauS,
716 995 813 1041 totidem

57 1067 98 1113 tibi
110 1070 220 1114 Patronus
233 1069 355 1115 adscisces.

86 1144 110 1186 5⁰
123 1129 207 1188 Eorum
220 1144 336 1202 suffragiis
351 1143 450 1188 conlisus
471 1143 595 1188 ordinatim
614 1150 678 1202 petes
693 1141 814 1189 liberatio-

56 1232 107 1264 nem
119 1218 149 1264 ab
157 1218 263 1264 omnibus
273 1223 296 1264 et
308 1217 404 1277 singulis
417 1217 484 1264 malis
494 1217 654 1264 communibus
667 1222 690 1264 et
705 1219 811 1278 propriis,

55 1298 79 1339 et
99 1295 185 1354 pariter
203 1293 373 1339 concessionem
394 1294 496 1339 omnium
516 1296 627 1339 bonorum
647 1288 811 1354 spiritualium,

55 1369 218 1429 corporalium,
232 1368 401 1428 temporalium,
413 1377 560 1424 aeternorum,
574 1383 616 1430 pro
628 1375 651 1413 te
662 1368 759 1430 aliisque
773 1369 813 1414 Fi-

55 1444 152 1503 delilms,
159 1443 279 1489 recensitis
287 1458 327 1504 per
334 1436 426 1489 modum
437 1443 603 1490 obsecrationis
612 1445 718 1491 omnibus
728 1445 812 1491 Christi

55 1519 179 1581 mysteriis¹
195 1518 251 1576 Quae
270 1519 378 1579 pleraque
395 1524 530 1579 repetuntur
545 1520 567 1564 in
584 1519 703 1565 versiculis
724 1527 747 1566 et
762 1521 813 1566 col-

54 1596 120 1642 lectis
132 1595 288 1655 sequentihos.
300 1595 365 1651 Unde
376 1595 425 1642 haec
437 1594 604 1655 perfectissima
615 1594 725 1642 Ecclesiae
738 1597 812 1642 oratio

54 1671 136 1716 merito
148 1671 288 1717 a'Societato
304 1676 422 1729 assumpta
434 1677 477 1726 est,
492 1683 532 1729 pro
545 1671 659 1715 communi
677 1679 700 1715 et
721 1670 812 1730 publica

53 1745 186 1805 precatione
196 1744 339 1805 quotidiana.
733 1748 734 1751 ’

85 1824 109 1866 60
121 1822 163 1866 Pro
176 1832 219 1865 sua
234 1819 328 1879 speciali
340 1819 463 1866 devotione
474 1834 529 1879 erga
548 1820 670 1880 Deiparam
684 1822 810 1880 Virginem,

54 1895 158 1955 (protidie
170 1894 261 1955 publice
274 1895 413 1948 attestanda,
422 1895 503 1939 eadem
513 1895 616 1941 Societas
627 1896 710 1941 merito
723 1896 812 1942 addidit

55 1971 165 2031 hymnum
175 1969 231 2023 Ace,
244 1969 316 2015 ruerus
329 1970 401 2023 stello,
413 1983 466 2015 cum
481 1969 606 2029 antiphona
617 1969 660 2015 Sol
673 1976 737 2016 tuum
746 1984 813 2028 proe-

54 2043 145 2097 stertunt,
157 2051 180 2090 et
193 2044 296 2090 oratione
312 2043 418 2103 Defende,
428 2057 566 2104 qrtruuuruus,⁸
577 2045 661 2103 qrribus
677 2045 748 2090 etiam
768 2046 813 2091 rite

55 2118 141 2166 additae
150 2125 204 2166 sunt
215 2119 330 2166 orationes
345 2118 373 2164 de
383 2125 463 2165 sanctu
474 2112 585 2179 losepho,⁸
595 2119 708 2164 llissionis
728 2119 814 2166 Sinen-

54 2193 85 2238 sis
108 2201 213 2254 patrono,
228 2201 251 2241 et
266 2193 395 2240 communis
414 2193 443 2239 de
461 2194 549 2240 sanctis
565 2194 655 2253 Ignatio
671 2199 694 2239 et
709 2194 813 2243 Xaverio

53 2270 202 2315 canonizatis.

16 2359 19 2370 ,
84 2347 122 2392 tlt²
136 2367 162 2380 ·—-
173 2348 229 2393 llaec
244 2345 318 2392 oroma
334 2355 411 2391 utente
422 2349 445 2389 et
461 2344 531 2391 corde
548 2358 656 2407 sequeus,
666 2347 813 2393 devotionem

54 2437 108 2481 erga
120 2424 243 2481 Deiperam
254 2429 276 2469 et
292 2421 386 2469 Crelites
398 2432 477 2467 ornnes
490 2421 595 2482 quotidie
607 2422 734 2480 exercebis,
746 2425 814 2484 juxta

54 2507 155 2544 ruentem
165 2499 275 2545 Ecclesiae
286 2510 309 2544 ec
321 2496 452 2545 societatis.

84 2575 172 2619 Poteris
188 2576 259 2620 etiam
280 2579 308 2621 ad
328 2574 506 2627 diversoslines
524 2576 683 2636 precationem
705 2579 823 2637 dirigere,

55 2664 111 2711 epte
122 2652 152 2697 ari
163 2650 322 2697 reductionem
337 2650 427 2710 Angliae
442 2657 465 2697 et
479 2650 656 2710 Septentrionis,
668 2653 697 2700 ad
716 2640 814 2701 conver-
