1715 2908
177 166 302 202 succuum
320 166 489 202 ununonmnn
507 166 656 203 uunnotuus
749 152 798 201 213

10 299 12 301 ·
37 268 80 313 inte
100 264 161 309 ornei
183 270 281 322 ternpore
305 269 407 316 oronites,
427 268 454 309 ut
477 261 542 321 dione*
567 262 695 309 habeamini
720 262 798 322 stipere

37 339 131 398 icto(i).
749 327 751 330 ’

65 416 91 459 5⁰
109 414 144 461 Ad
160 408 285 461 vincendas
304 414 452 461 tentationes.
476 411 571 473 Vipitote
589 418 797 468 atramentum

36 492 127 538 intratis
141 490 166 535 in
182 490 327 537 tentationem
337 490 374 550 (2).

65 571 90 613 6⁰
101 567 135 613 Ad
154 567 269 626 patranda
289 564 504 612 miraculafttntnin
524 578 663 626 quocumque
680 564 797 626 petieritis

35 645 59 690 io
72 642 175 689 oratione
194 642 315 696 credentes,
331 641 445 701 accipietis
464 641 502 700 (3).
522 641 578 687 Haec
592 643 669 689 omnia
684 649 797 703 tanquam

35 718 131 777 tibiipsi
145 717 216 770 dicta,
229 717 263 762 sic
276 717 363 776 accipe.

66 792 146 838 Oratio
161 798 196 836 est
209 792 311 836 medium
326 790 487 851 apostolicum,
501 790 563 849 quod
576 803 656 836 omnes
666 790 796 838 functiones

35 872 125 913 nostras
145 866 237 924 praeire,
255 865 361 910 comitari
378 870 401 909 et
421 864 532 923 subsequi
552 863 629 910 debet.
646 864 687 910 Est
708 866 796 924 optima

34 940 173 1001 praeparatio
191 947 244 984 ante
265 939 387 993 actionem,
402 938 438 983 vis
454 946 484 984 et,
495 938 565 982 robur
580 938 604 983 iu
620 940 717 997 agendo,
730 940 796 1001 quies

34 1020 86 1076 post
97 1015 220 1059 actionem.
232 1013 337 1072 Reliquae
349 1013 448 1059 virtutes
463 1026 481 1057 a.
493 1012 606 1057 creaturis
618 1021 734 1072 separant,
746 1014 797 1060 haec

34 1092 81 1136 Deo
100 1089 227 1147 conjungit,
246 1094 271 1133 ut
293 1089 475 1133 instrumentum
496 1099 574 1132 causae
592 1088 723 1147 principali.
742 1090 797 1136 Haec

34 1165 121 1225 gratias
133 1164 243 1223 impetrat
254 1163 282 1209 ad
294 1162 469 1208 conversionem
485 1162 624 1218 animarum,
639 1168 661 1207 et
674 1164 722 1209 uim
734 1164 797 1210 divi-

34 1255 85 1287 nam
99 1242 121 1285 in
134 1239 231 1286 dicendo
244 1239 335 1285 tribuit.

62 1316 218 1364 PoucruulI.
237 1343 264 1351 -
288 1315 393 1363 Christus
417 1315 521 1375 exempla
543 1317 656 1363 orationis
679 1319 797 1378 Apostolis

35 1394 98 1439 dedit
109 1391 254 1451 multiplicia.

63 1471 89 1512 no
105 1469 136 1513 Ut
154 1466 333 1525 comprehensor
356 1466 430 1510 Deum
454 1472 565 1524 perpetuo
587 1466 730 1522 intuebatur,
754 1482 797 1515 nec

36 1544 81 1589 ulla
94 1549 190 1589 externa
210 1542 332 1601 occupatio
350 1545 452 1586 mentem
470 1541 520 1599 ejus
538 1553 552 1586 a
569 1541 617 1586 Deo
637 1542 795 1590 abstrahebat.

35 1618 109 1673 Quare
118 1616 293 1663 uerissimedici
304 1619 389 1676 potest,
401 1614 449 1659 sine
458 1613 626 1660 'intermissione
635 1630 711 1661 orasse
725 1618 761 1677 (b),
773 1625 796 1665 et

35 1693 127 1752 quidem
138 1691 303 1737 sublimissimo
312 1689 423 1735 orationis
432 1702 524 1747 genere.

68 1766 92 1808 2⁰
100 1763 259 1806 Certistamen
268 1759 410 1819 temporibur
418 1758 550 1818 specialiter
559 1759 647 1815 orabat,
656 1761 726 1806 etiam
734 1775 793 1808 men·

39 1837 114 1882 taliter
125 1844 148 1881 et
160 1836 316 1894 dependenter
329 1849 342 1880 a
356 1834 562 1893 phantasmatibus.
577 1835 611 1880 Ad
627 1837 688 1895 qood
700 1837 792 1896 egiebat

34 1919 172 1980 secessu,4et
184 1913 305 1960 vacatione
318 1911 347 1959 ab
358 1911 410 1959 aliis
422 1912 613 1973 occupationibus
627 1930 632 1961 :
646 1920 670 1962 et
680 1916 730 1963 haec
746 1922 795 1964 tum

35 1991 62 2036 ad
74 1989 212 2050 exemplum,
226 1995 275 2035 tum
287 1989 316 2035 ad
329 1988 500 2048 impetrandum
517 1988 583 2034 nobis
596 1991 716 2037 auxilium.
730 1994 795 2042 Sicut

34 2066 93 2109 enim
108 2079 147 2124 pro
159 2064 225 2110 nobis
239 2065 294 2124 pati,
306 2064 338 2109 ita
353 2070 377 2109 et
389 2077 456 2109 orare
476 2064 568 2117 debuit;
581 2067 697 2126 praecipue
717 2074 795 2115 tamon

34 2141 62 2184 ad
79 2139 217 2198 exemplum,
232 2139 293 2199 quod
311 2139 369 2198 petit
389 2138 552 2184 imitationem.
566 2140 633 2186 Certe
652 2142 672 2186 si
690 2143 796 2191 Christ-us
827 2166 831 2171 ·

34 2227 73 2272 pro
85 2221 108 2259 te
120 2228 186 2259 orare
200 2214 283 2271 voluit,
296 2214 351 2272 quid
368 2220 391 2257 te
403 2212 480 2258 facero
497 2227 540 2272 par
553 2218 587 2259 est
599 2229 641 2274 pro
659 2222 683 2261 te
699 2217 758 2277 ipso,
773 2226 796 2267 et

36 2302 74 2346 pro
84 2288 135 2334 aliis
148 2288 177 2334 ad
188 2293 211 2333 te
222 2286 397 2348 spectantibus?

64 2366 89 2409 3⁰
99 2363 257 2423 blultipiiciter
265 2364 348 2410 oravit.
362 2363 422 2408 Nam
432 2364 458 2408 t⁰
470 2358 594 2424 aliquando
606 2365 635 2411 ad
645 2372 738 2428 tempus
749 2370 796 2416 diu-

35 2442 127 2484 turnum
137 2438 180 2484 soii
193 2440 293 2486 orationi
305 2440 405 2492 vacavit,
420 2446 446 2485 ut
462 2439 486 2485 in
507 2444 573 2486 utero
590 2448 704 2500 materno,
716 2445 740 2490 in
758 2445 796 2491 in-

35 2511 114 2569 fantia,
138 2515 159 2559 in
177 2515 224 2561 vita
241 2517 340 2577 privata,
360 2515 476 2576 operando
495 2516 601 2563 manibus
621 2519 677 2578 suis,
690 2527 714 2568 et
729 2534 796 2569 scoe-

56 2636 81 2679 (Η
89 2635 134 2670 Luc.
142 2646 180 2670 xxi.
457 2637 476 2682 3)
488 2637 534 2673 Ibid.
544 2642 583 2674 xxi.

57 2681 84 2727 (2)
93 2681 159 2719 Mattb
171 2691 221 2719 xxiv.
457 2682 477 2728 b)
484 2683 591 2721 thessalon.
599 2695 620 2723 v.
