1715 2908
181 149 295 197 Quaene
313 156 480 190 unnoonmnAE
507 131 615 197 cururns
696 175 698 177 -
727 141 776 188 319

257 327 418 375 rrnnrmrro
438 293 527 375 nurci

249 482 250 485 Ἴ
294 439 331 470 SEU
344 438 497 469 conrnnrtnrlo

131 518 168 564 Au
180 532 278 564 amorem
296 518 338 564 Dct'
350 518 492 577 spiritualem
510 517 660 564 excitandum.

35 618 167 676 *proludium
179 619 194 655 1.
205 637 231 644 —
243 615 276 654 Sta
287 627 352 655 coram
365 619 412 665 Deo,
429 622 448 654 et
464 621 504 655 tota
521 615 594 654 coelesti
609 615 668 653 Curia
679 614 716 653 tihi
726 623 776 664 pro-

20 673 77 718 prtia.

48 743 202 780 Proetudtumll.
212 744 291 780 -Pete
301 740 398 780 beneficia
409 746 428 778 et
438 725 525 778 amorem
542 740 584 789 ejus
597 740 618 777 in
635 745 653 776 te
664 740 724 788 probe
739 750 778 777 co-

22 804 123 842 gnoscere,
135 799 154 830 et
165 799 233 831 mutuo
244 805 310 832 amore
321 792 465 843 quodammodo
478 803 613 841 compensare.
625 794 726 838 Dilipeocto
736 803 777 828 non

21 848 98 893 ttnpua,
115 856 179 894 neque
196 846 267 884 affectu
283 846 336 894 solo3
348 848 382 882 seu
399 857 456 892 opere
467 850 485 881 et
496 847 579 882 tertiare
591 843 623 895 (t),
635 854 670 893 per
687 844 778 881 intimam

20 896 117 937 bonorum
128 897 216 937 omnium
227 898 432 936 communicationem.

50 986 188 1033 Puucrunl.
199 1012 226 1020 -
234 986 357 1032 Considera
366 985 523 1044 beneficiaper
531 997 584 1044 quae
592 977 654 1029 Deus
663 984 727 1029 dedit
736 984 777 1029 tibi

21 1074 45 1106 se
55 1060 131 1120 ipsum
142 1060 282 1116 immediate,
297 1068 321 1107 ut
341 1065 394 1106 sunt
407 1059 502 1114 creatio,
517 1051 671 1115 conservatio,
685 1059 778 1104 redem-

22 1137 78 1196 ptio,
90 1136 251 1192 sanctificatio,
265 1136 409 1197 glorificatio.
423 1137 482 1182 Item
495 1135 608 1182 beneficia
618 1134 776 1195 particularia,

22 1211 105 1271 quibus
117 1211 250 1258 immediate
260 1216 283 1257 te
296 1212 396 1271 attingit.
408 1211 523 1269 Quantum
535 1224 576 1270 pro
588 1216 611 1255 te
627 1211 673 1269 egit
689 1215 713 1257 et
723 1224 778 1270 pas-

22 1299 61 1332 sus
78 1292 113 1331 est
127 1300 133 1329 t
147 1292 260 1345 quantum
277 1287 305 1331 de
320 1286 434 1331 thesauris
450 1286 497 1330 suis
514 1285 555 1330 tihi
575 1286 671 1343 largitus
683 1287 722 1341 sit,
739 1290 778 1330 aut

21 1362 142 1421 promittat
157 1362 181 1405 in
197 1362 308 1406 futurum.
321 1361 387 1407 Unde
405 1370 544 1419 cognoscens
557 1367 669 1418 quantum
679 1368 701 1406 te
712 1374 779 1406 ama-

22 1437 89 1491 verit,
104 1436 156 1481 vide
168 1443 280 1496 quantum
296 1442 320 1480 tu
333 1436 397 1481 ilium
408 1436 536 1489 redamare,
549 1443 572 1480 et
585 1436 640 1493 quid
659 1435 691 1480 iiii
707 1436 779 1482 vicis-

11 1512 64 1556 'sim
77 1500 203 1569 rependere
216 1512 308 1561 debeas,
322 1512 389 1555 Certe
399 1515 422 1555 te
435 1512 510 1570 ipsum
523 1516 602 1573 totum,
611 1523 663 1554 cnm
673 1511 779 1557 omnibus

24 1586 75 1640 tuis,
87 1585 156 1644 idque
173 1585 339 1644 muitipiicitor,
353 1585 451 1629 mraxime
463 1585 480 1629 si
495 1584 634 1637 consideras,
649 1584 702 1642 qoiu
714 1586 780 1643 prior

23 1660 102 1708 dilectit
118 1675 166 1714 nos,
179 1665 264 1715 tantus,
279 1666 377 1718 tantum,
392 1661 473 1719 gratis,
488 1659 598 1714 tantillos,
613 1667 635 1703 et
656 1661 722 1706 tales.
737 1662 779 1706 Dic

23 1751 76 1797 ergo
90 1752 117 1782 ex
129 1750 206 1782 amore
219 1751 271 1783 cum
282 1743 361 1783 sancto
372 1738 461 1795 Ignatio
474 1752 479 1780 t
491 1736 589 1795 Suscipio,
609 1736 711 1791 Domine,
723 1738 779 1783 tiot-

23 1827 110 1858 oersuot
128 1826 199 1858 meum
218 1811 355 1868 iibcrtntcut;
369 1813 441 1871 accipe
457 1812 743 1867 ineundum,tutettectum,
759 1819 780 1859 ct

23 1889 186 1938 volontatem...
196 1889 301 1934 Amorem
315 1888 349 1933 tui
360 1888 430 1932 sotum
441 1886 498 1931 mibi
506 1887 572 1931 dones
582 1899 631 1931 com
641 1888 719 1944 pretio·
730 1894 779 1943 tun,

24 1970 44 2008 et
53 1964 113 2008 dives
123 1977 172 2007 suro
187 1964 251 2016 sotir,
262 1977 300 2007 nec
311 1962 427 2026 quicquum
438 1962 502 2006 uina
513 1975 584 2018 posco.

53 2041 168 2085 Puruorun
180 2039 208 2083 ll.
223 2064 249 2071 —
263 2038 387 2083 Considera
398 2036 509 2080 beneficia
522 2050 563 2093 per
579 2049 631 2095 quae
641 2037 702 2082 Deus
715 2027 781 2083 com-

25 2114 156 2158 municatse
169 2112 210 2156 tibi
221 2112 328 2165 mediate,
337 2110 491 2155 mediantibus
499 2109 588 2154 scilicet
598 2112 711 2155 creaturis
723 2126 782 2171 quas

25 2201 102 2234 amore
114 2188 147 2231 tui
161 2187 264 2232 condidit
277 2192 299 2230 et
311 2191 441 2238 conseruat,
451 2191 474 2229 et
487 2184 570 2243 quibus
583 2185 642 2228 inest
655 2199 696 2243 per
709 2200 783 2231 essen·

25 2263 89 2313 tiam,
105 2262 239 2319 potentiam,
255 2261 411 2320 praesentiam,
426 2259 483 2304 dans
496 2258 614 2303 elementis
627 2271 686 2315 esse,
698 2260 782 2319 plantis

25 2337 111 2390 vivere,
123 2335 197 2381 brutis
212 2336 304 2390 sentire,
315 2333 414 2398 ‚Angelis
431 2333 568 2392 intelligere.
587 2334 643 2380 Haec
665 2336 742 2382 omnia
761 2341 783 2380 ot

26 2411 116 2470 singula
127 2411 168 2457 tibi
180 2411 264 2467 dando,
279 2424 303 2456 se
315 2410 390 2470 ipsum
403 2422 495 2470 quoque
513 2420 572 2455 novo
591 2409 722 2457 mododat.
736 2414 783 2457 Ac-

26 2490 73 2547 cipe
92 2486 236 2543 beneficium,
255 2487 308 2532 vide
327 2486 442 2541 affectum,
456 2491 544 2545 proesta
564 2484 710 2546 obsequium,
728 2475 786 2537 cure

8 2607 10 2610 .
28 2565 133 2618 abusum,
150 2568 174 2608 et
189 2577 230 2624 per
241 2562 285 2610 hoc
296 2561 398 2624 justifico
418 2561 519 2607 animam
539 2567 602 2608 tauro
621 2561 658 2622 (2).
679 2565 783 2623 Agnosce

41 2668 67 2712 (ij,
75 2667 83 2702 Ι
92 2665 143 2702 Joun.
154 2676 182 2702 un
442 2665 467 2714 (ἓ)
476 2664 527 2703 Eccl.
538 2675 576 2703 xm.
