1715 2908
48 84 99 136 290
274 101 331 137 eins
350 100 487 137 vicesimus
503 100 589 138 nouus

79 192 193 245 Secundo.
206 198 252 243 llas
262 198 383 245 cautiones
396 198 479 245 adhibe
491 212 497 242 :
509 200 534 243 l0
553 212 645 246 assume
658 204 749 259 tempus
762 197 812 244 suf-

49 273 137 330 ficiens,
153 288 181 319 ne
191 275 319 320 coarcteris
329 281 352 320 et
369 274 459 333 cogaris
475 272 598 331 festinare,
611 277 636 322 2⁰
649 274 725 320 locum
745 275 813 334 quie-

63 363 101 394 um
115 359 161 395 eta
173 350 272 410 strepitu
284 355 408 406 remotum,
416 364 446 396 ne
456 349 594 396 distraharis
601 364 609 407 ,·
621 353 646 396 3⁰
659 350 730 395 situm
743 350 813 396 finum

49 431 75 472 et
97 425 146 471 sine
167 425 303 486 agitatione,
321 440 350 474 ne
368 426 480 485 turberis,
500 429 526 473 40
545 426 622 473 omnia
643 427 707 486 prius
726 439 812 486 quaere,

52 501 154 559 praevide
173 508 196 546 et
207 508 305 560 annota;
319 505 344 548 5⁰
364 502 438 549 recita
451 516 479 548 ex
497 501 564 557 libro,
579 514 624 547 non
643 503 671 547 de
688 503 813 556 memoria3

52 579 78 621 60
89 590 209 636 nunquam
222 577 334 639 abrumpe
346 577 434 639 absque
453 591 510 624 vera
521 578 672 633 necessitate3
683 576 709 622 70
722 576 774 623 vide
786 590 815 622 ne

52 652 112 696 situs
128 652 264 699 commodus
283 653 392 700 conciliet
409 666 529 711 somnum,
548 657 574 698 8⁰
596 653 626 699 ad
647 652 816 699 occurrendum

53 726 171 782 oblivioni,
184 741 262 788 quaere
275 734 330 775 ante
346 728 488 785 decubitum,
504 729 528 774 in
540 727 646 775 examine
661 734 685 774 et
702 736 776 784 extra,
787 742 816 776 an

53 815 125 861 penso
136 801 219 849 diurno
230 804 380 850 satisfeceris.

84 877 171 922 Tertio.
185 878 306 925 hlethodus
318 878 348 925 ad
366 878 512 925 recitandum
525 878 639 934 Officium,
655 879 685 923 sit
702 878 769 939 quasi
788 877 818 924 ad

52 951 235 999 Meditationem.

85 1027 110 1070 l⁰
123 1026 267 1073 Adveniente
278 1027 344 1082 hora,
359 1027 462 1074 animum
475 1026 566 1085 collige,
590 1031 614 1071 et
631 1040 744 1086 praepara,
765 1039 818 1071 cum

55 1100 100 1146 lide
113 1101 207 1147 dicens:
220 1103 249 1147 Itt
262 1109 377 1163 conspectu
392 1104 532 1162 Artpclorttm
548 1102 645 1161 psallunt
658 1102 700 1148 tihi
709 1104 748 1160 tl).

86 1180 111 1222 20
124 1177 232 1223 Praevisis
242 1179 357 1232 omnihus,
367 1180 440 1224 recita
451 1193 478 1223 ex
486 1178 605 1224 Breviario
616 1178 746 1224 orationem
755 1189 819 1236 prae-

56 1252 300 1310 paratoriumdperi,
314 1252 418 1307 Domine,
432 1268 454 1298 os
470 1267 551 1298 rttcuttt.

87 1329 113 1370 30
126 1327 241 1373 Praeludia
254 1328 337 1373 adhibe
354 1328 397 1375 toti
416 1327 497 1375 Officio
516 1340 619 1388 congrua
632 1333 703 1388 :pete
720 1327 820 1387 gratiam

57 1400 183 1461 specialem
194 1403 378 1449 convenientem.

89 1478 114 1523 40
126 1477 230 1524 Psalmos
240 1479 411 1525 Nocturnorum
425 1479 454 1525 ad
466 1485 514 1525 tres
525 1480 637 1525 Personas
648 1478 740 1524 divinas
754 1492 819 1524 seor-

58 1553 103 1599 sim
114 1553 188 1613 dirige
200 1561 223 1600 et
241 1553 305 1599 refer
317 1569 322 1598 :
334 1555 357 1599 in
372 1554 521 1601 Lectionibus
539 1555 594 1601 audi
610 1554 744 1615 Prophetas,
757 1557 820 1616 Apo-

59 1629 130 1676 stolos
141 1634 164 1675 et
175 1629 232 1676 alios
243 1630 373 1690 Scriptores
390 1644 476 1687 sacros,
490 1637 513 1677 et
525 1631 600 1677 Deum
612 1645 653 1691 per
672 1644 711 1677 eos
723 1631 821 1690 roqueta

37 1749 39 1753 Α
59 1711 122 1751 tem:
135 1705 159 1751 in
171 1706 333 1766 Responsoriis
351 1706 445 1766 Angelis
458 1713 481 1753 te
498 1707 598 1767 adjunge
612 1721 617 1751 :
631 1709 654 1752 in
672 1705 822 1754 Orationibus

58 1780 187 1828 Ecclesiam
198 1780 275 1836 indue,
289 1788 314 1827 ut
327 1782 441 1827 minister.

90 1858 116 1901 50
132 1857 195 1901 Inter
214 1856 368 1911 recitandum,
383 1857 458 1903 excita
478 1857 501 1902 in
514 1861 538 1901 te
549 1856 721 1909 affectusfidei,
739 1856 787 1916 spei
800 1864 823 1902 et

60 1931 190 1987 charitatis
209 1930 296 1990 gaudii,
315 1932 413 1987 timoris,
431 1931 461 1979 ad
481 1944 539 1992 quos
550 1931 656 1977 Psalmns
675 1937 698 1976 et
717 1932 823 1989 Hymnus

60 2005 145 2052 invitat
159 2021 164 2050 :
179 2006 204 2051 in
217 2019 348 2066 progressu,
360 2006 475 2054 fervorem
493 2006 587 2053 intende
605 2021 610 2050 :
623 2008 690 2065 Juxta
702 2006 824 2064 gradatio-

62 2096 122 2136 nem,
135 2088 197 2142 pete,
212 2095 300 2142 quaere,
313 2082 389 2140 pulsa.

91 2159 116 2201 5⁰
128 2157 241 2203 Absoluta
252 2156 392 2211 Psalmodia,
402 2157 496 2202 redacte
505 2163 529 2202 et
539 2156 659 2212 examina;
670 2156 689 2201 si
700 2156 758 2201 bene
769 2168 824 2200 suc-

61 2221 139 2288 cessit,
154 2232 229 2290 gaude
240 2237 263 2276 et
272 2232 361 2290 gratias
373 2245 428 2291 age;
440 2232 460 2277 si
472 2231 547 2277 minus
557 2231 624 2285 bene,
636 2230 688 2276 dole
699 2238 722 2276 et
732 2229 825 2275 veniam

63 2314 123 2365 pete,
143 2301 296 2367 fructumque
312 2306 402 2367 collige,
416 2312 439 2352 et
458 2307 486 2353 ad
505 2312 634 2353 erratorum
657 2305 826 2365 indulgentiam

62 2382 256 2441 consequendam,
269 2382 344 2428 recita
353 2383 483 2430 orationem
494 2382 660 2430 :Sucuosuuctae
670 2387 692 2427 et
700 2379 825 2427 irtdioiduoc

66 2456 188 2511 Trtottoa',
201 2463 241 2504 etc.

87 2625 114 2672 (l)
121 2624 191 2663 Psalm.
202 2633 281 2666 cxxxut.
