1715 2908
81 101 132 153 eet
357 119 414 155 eins
433 119 571 155 vicesimus

82 213 212 271 Zaeliaeum‚
226 212 387 260 Nicodemum.
398 216 446 259 Hoc
455 228 512 272 opus
523 228 597 268 suum,
610 214 672 259 hunc
682 214 758 259 cibum
767 227 841 270 suuni,

81 287 124 332 has
135 286 231 332 delicias
241 287 342 333 vocabat
353 295 376 334 et
384 288 530 334 ostendebat.
539 292 574 335 An
582 288 627 334 hoc
638 296 660 334 et
671 295 695 333 tu
705 301 759 334 vere
767 289 844 334 dicere

81 362 163 421 potes?
662 416 665 420 .
761 357 765 362 “

113 438 228 482 Pomorum
241 437 280 482 ΙΙΙ.
294 461 322 470 —-
335 439 402 483 Hunc
413 435 488 481 zelum
501 438 630 482 animarum
647 437 674 483 ad
691 436 788 494 gloriam
801 437 843 482 Dei

82 509 168 555 Christi
188 511 264 556 verbis
282 511 325 556 sibi
348 513 486 570 inspiratum
504 506 594 572 semper
610 517 633 555 et
653 511 736 571 ubique
755 526 803 570 prae
819 527 852 557 se¹

83 585 186 631 tulerunt
204 587 312 646 apostoli.
326 589 374 633 Hoc
386 587 438 646 igne
454 586 584 632 functiones
601 600 654 633 suas
668 601 746 633 omnes
759 600 843 632 accen-

82 663 173 707 derunt.
186 662 212 708 In
230 662 313 723 quibus
331 661 415 709 Paulus
429 677 434 706 ε
448 662 563 719 chorites
578 663 661 723 inquit,
680 662 766 708 Christi
778 669 843 723 eupit

80 752 120 783 rios
132 738 169 796 (4).
182 738 272 795 etttott,
284 753 337 799 qum
348 740 431 786 iterem
440 739 558 799 parturio,
570 738 636 784 donec
646 737 758 799 serenetur
772 739 843 785 Chri-

80 822 128 862 stus
138 816 164 861 irc
173 817 233 861 uubis
246 818 273 875 (ἓ)
289 816 412 864 Veritatem
423 817 471 862 dico
482 816 508 861 tu
520 816 619 871 Christo,
632 831 677 862 vnoc
692 816 790 863 meritior
804 817 841 878 (3).

82 891 190 949 Optabam
203 892 249 951 ipse
267 893 387 938 anathema
398 906 442 937 esse
456 906 471 938 e
486 892 576 938 Christo
590 907 634 952 pro
649 892 762 952 frutribus
778 894 840 939 meis.

81 966 119 1009 Vre
128 965 194 1020 iiiiiii,
204 965 224 1010 si
236 980 281 1010 riou
293 965 481 1025 eocupeiizeeero,
493 966 611 1011 necessitas
619 966 679 1011 enim
691 967 748 1012 utet
758 967 842 1013 iucem·

81 1039 112 1082 bit
124 1039 166 1096 (4)(
276 1089 278 1092 Α

110 1113 196 1158 Eodem
220 1113 281 1172 pieni
304 1113 397 1158 fuerunt
417 1126 496 1159 omnes
517 1114 620 1159 omnium
640 1113 778 1159 saeculorum
796 1114 840 1158 viri

80 1187 209 1247 apostotici,
222 1187 321 1246 gloriam
330 1187 373 1232 Dei
385 1195 408 1233 et
421 1187 520 1233 salutem
533 1188 662 1234 animarum
670 1187 737 1233 unice
748 1187 840 1247 spiran-

81 1268 124 1308 tes.
138 1262 221 1309 Recole
235 1263 363 1323 praesertim
375 1262 450 1308 zelum
462 1264 553 1322 Ignatii,
568 1263 672 1319 Xaverii,
685 1263 781 1323 Burgus,
794 1268 839 1309 etc.

112 1338 264 1400 Colloquium.
287 1339 342 1384 Pete
363 1338 486 1386 scintillam
506 1339 575 1399 hujus
596 1339 664 1399 ignis,
686 1352 756 1400 quein
777 1341 839 1385 venit

81 1415 192 1461 Dominus
203 1415 296 1463 mittere
306 1415 329 1459 in
340 1420 471 1471 terram-et
483 1414 533 1461 vult
544 1414 692 1462 vehementer
704 1415 808 1467 accendi.

354 1583 382 1630 n.
400 1582 569 1631 ntenttntte.

346 1682 379 1726 De
392 1679 573 1734 mctcseeteeiirce,

108 1778 228 1882 Preliictiugp
243 1782 260 1818 Ι,
279 1797 305 1807 -
323 1778 373 1816 Audi
386 1777 485 1815 Christum
502 1763 600 1815 dicentem
619 1788 624 1815 :
642 1780 712 1815 Discite
723 1790 735 1816 a
747 1789 778 1816 me
794 1780 839 1825 qztiu

80 1836 202 1882 mitiorum(
225 1859 229 1868 .

108 1909 228 1946 Praetutium
238 1909 266 1947 11.
279 1925 305 1934 —
317 1905 364 1944 Pete
375 1904 412 1943 hcc
422 1903 498 1943 discere
509 1908 528 1943 et
538 1902 603 1955 sequi.

110 1999 226 2044 Punctum
241 1997 259 2042 l.
274 1995 367 2054 -Ejus
380 1993 451 2048 notio,
463 1991 499 2038 vis
516 1997 538 2037 et
549 1992 686 2039 necessitas.

92 2057 136 2119 “40
153 2071 304 2120 biansuetudo
322 2084 362 2116 sen
381 2069 468 2116 mititas
488 2069 561 2114 virtus
580 2074 615 2113 est
631 2081 684 2129 quae
701 2069 838 2130 impotentes

19 2171 20 2174 ¹
81 2151 152 2199 animi
165 2156 241 2197 motus
251 2147 393 2202 moderatur,
405 2153 429 2192 et
440 2146 503 2192 foras
515 2158 636 2205 erumpere
645 2158 692 2191 non
704 2146 768 2193 sinit.

112 2232 137 2274 20
152 2226 336 2285 indignationem
352 2222 420 2281 regit,
433 2222 508 2268 zelum
525 2226 647 2280 temperat,
661 2220 720 2267 iram
738 2222 838 2283 compri-

82 2303 133 2359 mit⁷
151 2301 243 2348 cohibet
263 2312 365 2353 manum,
382 2297 484 2357 linguam
503 2304 525 2343 et
547 2296 658 2343 animum.
682 2297 794 2359 Facitque
814 2300 838 2341 ut

82 2383 150 2425 caute
162 2376 300 2437 procedatur
313 2374 400 2434 absque
410 2372 587 2419 conturbatione
600 2379 695 2419 externa
705 2379 729 2419 et
739 2375 837 2419 interna.

105 2551 131 2596 (i)
139 2549 155 2586 11
164 2547 246 2588 Corinth.
256 2558 276 2586 u.
497 2545 524 2588 (le)
533 2542 542 2580 Ι
551 2543 633 2580 Corinth.
642 2553 670 2581 rx.

104 2593 129 2642 (ff
140 2594 201 2631 Galat.
211 2605 237 2631 iv.
496 2590 524 2636 (5)
533 2589 601 2626 teatin.
612 2599 637 2625 xi.

104 2642 123 2688 (3
139 2640 216 2677 Roman.
227 2649 254 2676 ix.
