1715 2908
206 129 332 163 sueonum
350 129 518 165 mennonium
537 130 644 169 cernuus
758 114 806 166 1533

46 225 189 285 praeserenda
207 232 242 272 est
259 225 319 272 bono
336 219 410 273 cuivis
426 232 586 274 creaturarum
601 228 713 274 omnium.
725 229 763 285 Ut,
777 240 806 273 cs·

45 300 150 359 adverso,
163 302 258 347 minima
274 301 316 346 Dei
334 302 428 358 offensa,
443 306 469 346 ut
486 309 540 361 pote
555 303 597 349 Dei
613 301 708 357 malum,
727 302 806 363 potius

45 376 153 435 fugienda
169 384 212 427 est,
238 391 308 436 quam
332 378 418 423 malum
440 376 567 436 quodlibet,
589 385 612 424 et
635 377 806 439 quantumlibet

44 459 165 500 creatura·
178 458 203 501 20
214 455 263 500 Hoc
274 453 346 513 exigit
358 455 400 500 Dei
409 467 486 512 amor;
500 454 552 514 quis
561 455 621 502 enim
641 455 703 501 filius
715 460 805 515 patrem

45 541 123 574 amare
142 530 258 584 credatur,
271 543 340 589 quern
359 536 383 574 ut
401 529 507 575 occidere
525 528 589 584 nolit,
604 531 742 576 contristare
760 541 805 574 non

44 602 168 648 vereatur?
179 610 219 649 aut
230 603 282 663 quis
294 602 338 649 sibi
349 603 377 649 de
389 618 467 651 amore
486 603 570 649 Christi
583 603 722 661 blandiatur,
735 615 805 664 quem

44 677 87 721 etsi
98 677 123 721 in
134 691 158 722 se
169 678 304 735 crucifigere
314 677 379 733 nolit,
391 678 490 725 ostentui
501 678 580 723 babeat
590 679 674 737 [balbi
684 684 748 724 certe
758 690 804 723 non

44 754 79 795 est
94 751 197 797 amicitia
218 764 301 797 secura
323 757 345 796 et
363 753 451 811 qriieta.
466 756 491 796 3⁰
510 752 609 809 Quantae
627 759 681 798 sunt
703 752 806 798 miseriae

44 838 123 870 eorum
147 826 186 884 qui
210 825 309 871 venialia
327 825 392 885 parui
413 826 534 885 pendunt?
549 827 601 871 Non
616 825 701 872 habant
721 838 805 885 pacem

44 896 200 953 comedendae,
213 904 239 945 ut
251 901 289 960 qui
301 900 380 947 hostes
400 901 522 947 intestinos
535 900 626 957 loveut3
640 914 684 946 nou
702 901 804 961 gaudent

43 976 138 1036 speciali
149 977 294 1036 providentia
307 985 329 1024 ct
343 977 495 1037 protectione,
510 976 591 1023 robore
609 977 638 1023 ad
650 977 805 1024 resistendum

44 1052 219 1109 tentationibus
243 1053 327 1113 quibus
349 1053 449 1113 turpiter
473 1052 635 1099 succumbunt.
659 1054 684 1098 4⁰
707 1053 804 1099 Sanctos

43 1142 123 1175 omnes
134 1129 287 1176 alienissimos
301 1129 372 1175 inisse
385 1129 413 1174 ab
423 1130 467 1175 hac
477 1129 580 1184 laxitate,
592 1130 750 1189 majoremque
766 1129 803 1174 in-

44 1207 134 1252 terdum
147 1207 171 1251 in
182 1206 284 1252 vitandis
294 1206 431 1262 venialibus⁷
445 1220 515 1266 quam
527 1207 550 1251 in
563 1205 699 1252 mortalibus
712 1205 803 1265 diligen·

44 1280 100 1326 tiam
111 1282 215 1340 exegisse
228 1288 250 1326 et
263 1281 451 1336 commendasse3
464 1287 488 1326 ut
501 1281 619 1340 Cbrysost.
634 1281 657 1325 in
669 1280 804 1326 blattbaeum

42 1355 122 1401 homil.
134 1368 246 1401 nxnxvu.
259 1356 366 1401 Mortalia
381 1355 443 1400 enim
452 1362 477 1400 ut
494 1368 633 1409 aversemur,
646 1355 697 1414 ipsa
714 1355 804 1414 peccati

43 1438 126 1475 natura
146 1429 223 1483 efficit,
246 1428 345 1475 venialia
359 1433 438 1476 autem
454 1430 504 1488 ipsa
524 1443 557 1483 re,
572 1428 627 1489 quia
650 1443 722 1487 parva
740 1433 803 1483 sunt,

43 1505 133 1550 desides
151 1504 259 1550 reddunt.
271 1505 297 1548 5⁰
307 1503 362 1549 lnde
379 1509 508 1549 nascuntur
520 1503 605 1550 damna
622 1503 802 1558 inaestimabilia,

42 1583 138 1635 aeterna‚
150 1578 321 1636 irreparabilia;
339 1590 392 1623 cum
408 1577 527 1639 quodlibet
544 1577 634 1623 veniale
650 1577 804 1622 deliberatum

43 1652 117 1711 privet
129 1652 295 1711 aliquogratiae
306 1656 438 1710 augmento,
446 1657 470 1697 et
482 1656 650 1711 cousequenter
662 1651 751 1710 gloriae,
763 1665 804 1711 per

42 1740 66 1772 se
77 1727 230 1787 irreparabili.
242 1730 267 1771 6⁰
278 1725 398 1773 Contraria
409 1725 538 1785 dispositio,
549 1739 589 1772 seu
602 1726 746 1785 propositum
758 1738 803 1771 nou

42 1802 153 1862 peccandi
172 1800 294 1851 venialiter
309 1800 444 1856 deliberate,
459 1801 551 1848 omnino
569 1801 700 1847 necessaria
720 1806 756 1847 est
772 1799 802 1846 ad

43 1880 159 1940 propriam
180 1878 346 1939 perfectionem
366 1876 560 1938 promovendam;
583 1876 655 1923 multo
678 1876 753 1937 magis
772 1874 803 1923 ad

42 1954 141 2002 alienam
151 1954 319 2015 procurandam
332 1960 425 2013 propter
434 1952 618 2000 aedificationem.
629 1953 655 1997 7⁰
666 1953 717 2000 Hoc
725 1953 802 2013 ipsum

42 2030 115 2078 uideri
127 2037 204 2091 potest
217 2028 386 2091 quodammodo
401 2026 558 2075 necessarium
579 2027 608 2074 ad
625 2025 724 2075 salutem
744 2039 800 2087 pro-

41 2107 115 2166 priam
128 2107 151 2151 in
162 2111 212 2153 tuto
223 2105 360 2168 ponendam.
374 2103 484 2162 Quamvis
497 2103 558 2150 enim
575 2115 629 2162 non·
640 2103 671 2149 sit
690 2114 801 2151 necessa·

42 2182 102 2228 rium
118 2182 147 2226 ad
163 2182 261 2229 salntem
279 2181 354 2229 vitare
372 2179 400 2225 de
418 2178 480 2226 facto
496 2177 607 2235 venialia;
619 2183 697 2224 tomen
713 2177 801 2240 absque

42 2255 107 2303 firmo
119 2256 237 2315 proposito
251 2268 277 2301 ea
289 2253 376 2302 vitandi
389 2265 434 2298 non
447 2251 503 2299 satis
514 2245 662 2315 prospectum
674 2256 710 2299 est
722 2252 803 2301 aduer-

42 2343 81 2376 sus
91 2329 198 2378 mortalia
208 2345 214 2385 ;
226 2336 276 2376 tom
289 2330 343 2389 quia
356 2328 395 2388 qui
407 2327 514 2387 proponit
526 2327 609 2379 omnia,
624 2326 666 2375 sed
677 2326 726 2376 sola
735 2340 801 2376 mor·

38 2405 98 2469 ¹talia
109 2405 192 2459 vitare,
207 2418 252 2452 uon
265 2402 483 2453 commaculabit:
496 2407 543 2448 tum
555 2400 609 2462 quia
626 2400 726 2450 venialia
740 2401 801 2449 doli-

41 2478 130 2534 berata‚
142 2492 195 2526 cum
205 2492 250 2526 non
263 2478 309 2526 sint
322 2474 420 2522 venialia
432 2488 460 2522 ex
472 2473 646 2537 imperfectione
659 2480 733 2530 actus,
744 2474 802 2525 talia

65 2639 90 2690 o)
99 2640 156 2687 aeni.
166 2650 190 2684 m
