1715 2908
203 222 330 262 succuum
347 221 517 260 HEBDOMADAE
540 223 626 263 nouus
746 212 796 263 199

34 330 125 385 patrem
137 323 222 384 saepius
231 329 359 378 recurrant,
368 321 446 369 abore
458 323 508 381 ejus
518 323 541 367 in
552 323 658 370 omuibus
670 325 793 384 pendeant,

35 401 134 460 denique
146 405 170 444 ut
188 399 220 443 illi
238 411 305 443 omne
323 412 394 457 genus
413 397 518 457 obsequii
538 399 644 446 certatim
663 399 793 456 exhibeant,

34 476 67 521 ita
77 483 103 520 ut
115 476 139 519 in
153 474 187 519 his
199 465 274 520 omnis
285 474 392 531 cessatio,
406 471 527 530 neglectus
539 479 562 517 et
576 475 659 520 inertia
673 475 795 521 damnabi-

34 550 62 595 lis
73 550 112 595 sil.

62 625 101 677 III,
116 649 143 657 -
155 623 216 668 Hinc
226 623 250 666 in
262 621 378 668 Societate
391 625 458 668 vetus
473 626 496 666 et
510 620 632 669 laudabilis
652 627 795 672 consuetudo

33 703 69 746 est
85 712 98 745 a
116 696 197 757 primis
216 696 324 742 Patribus
337 701 441 756 accepta,
455 696 626 742 sanctissimum
642 697 796 745 Eucharistiae

33 779 205 821 sacramentum
222 772 307 831 saepius
322 772 346 817 iu
358 772 395 817 die
413 777 546 817 reverenter
557 771 664 829 adeundi,
677 773 706 819 ad
723 767 794 834 qnam

32 850 77 911 ipsi
90 850 170 895 statim
186 847 340 894 instituuntur
355 846 455 901 Novitii;
469 847 569 906 primum
584 861 660 903 mane,
674 850 754 896 statim
766 863 793 896 ac

32 928 194 980 surrexerunt;
206 924 289 970 deinde
308 923 336 968 ad
352 923 428 969 Missae
446 922 599 981 sacrificium3
614 931 663 970 tum
676 932 728 984 post
738 940 794 972 cor-

32 1001 110 1063 porale
121 999 265 1055 exercitium,
278 1013 318 1044 seu
332 999 481 1052 matutinum,
494 995 535 1056 seu
557 1000 728 1059 vespertinum
741 1009 792 1062 post

31 1076 214 1132 instructionem,
230 1082 281 1136 post
294 1080 417 1135 utramque
428 1074 595 1121 recreationem
613 1075 704 1122 Christo
716 1091 741 1124 se
759 1079 792 1124 si-

32 1159 103 1200 stunt.
117 1155 232 1199 Praeterea
243 1151 334 1212 quoties
347 1151 415 1195 domo
423 1151 581 1208 egrediuntur,
596 1158 637 1196 aut
647 1151 741 1199 domum
753 1168 791 1199 re-

32 1230 110 1284 deunt,
122 1229 168 1273 imo
187 1228 225 1272 ubi
240 1226 292 1286 quis
312 1225 412 1284 primum
432 1225 535 1279 advenit,
549 1231 572 1270 et
585 1227 614 1271 ad
631 1227 790 1285 probationem

23 1305 164 1363 suscipitur,
179 1302 258 1347 statim
278 1301 307 1346 ad
327 1300 446 1359 templum,
461 1314 593 1362 supremum
612 1303 694 1348 domus
709 1304 790 1349 Domi-

31 1392 86 1423 num
96 1378 247 1433 salutaturus,
261 1375 395 1420 adducitur.

60 1453 99 1510 Ν.
112 1478 139 1485 -
155 1451 219 1496 Idem
232 1450 280 1495 fere
292 1455 399 1494 servatur
415 1448 438 1494 in
451 1448 561 1507 collegiis,
575 1453 651 1496 tuma
667 1450 791 1497 scholasti—

30 1527 63 1571 cis
76 1525 237 1579 studentibus,
245 1529 293 1568 tum
306 1536 320 1569 a
332 1523 450 1581 magistris
459 1522 603 1578 docentibus,
612 1523 696 1583 quibus
706 1525 791 1576 scholae

30 1601 80 1647 loco
93 1600 196 1646 exercitii
208 1597 334 1658 corporalis
347 1597 481 1652 succedunt,
489 1597 592 1657 adeoque
605 1599 741 1645 Venerabile
754 1601 791 1647 Sa·

30 1684 174 1722 crementum
185 1674 261 1721 aditur
273 1679 326 1719 ante
339 1673 375 1719 vel
388 1680 440 1734 post
453 1673 552 1727 scholas
559 1673 596 1721 vel
608 1680 727 1735 utrasque.
741 1678 789 1722 Imo

30 1759 53 1798 et
67 1758 190 1811 usurpatur
201 1750 230 1797 ab
242 1749 293 1796 aliis
306 1749 413 1795 Patribus
425 1749 495 1804 domi,
506 1749 608 1810 forisque
621 1738 787 1808 laborantibus,

30 1833 52 1872 et
63 1828 86 1873 in
98 1826 214 1873 communi
226 1824 254 1870 ab
265 1824 371 1870 omnibus
384 1824 479 1869 meridie
490 1830 513 1869 et
526 1837 585 1879 sero,
598 1830 712 1885 quantum
724 1826 789 1873 loco-

29 1917 80 1951 rum
93 1900 213 1961 dispositio
227 1899 323 1960 patitur.

57 1979 85 2026 V.
98 1978 223 2023 -Praeter
235 1975 311 2020 lllissae
323 1974 462 2020 sacrificium
474 1974 504 2020 ab
514 1974 620 2020 omnibus
632 1975 737 2035 quotidie
746 1990 787 2023 ce·
832 1986 834 1990 ⁴

29 2053 165 2100 lebrandurn
176 2051 212 2096 vel
222 2048 362 2096 audiendum
373 2064 378 2094 ι
393 2049 527 2094 retinendus
538 2048 629 2095 videtur
642 2052 788 2109 septenarius

29 2129 189 2174 visitationum
208 2124 352 2173 Sanctissimi
379 2124 522 2169 sacramenti
547 2136 667 2179 numerus,
690 2139 703 2170 a
724 2128 787 2186 regio

29 2204 104 2249 Psalle
127 2202 204 2261 typice
221 2201 375 2245 observatus:
396 2198 489 2257 Septies,
504 2199 587 2258 inquit,
605 2199 630 2244 lu
648 2198 683 2245 die
700 2201 787 2247 tasonem

29 2276 78 2320 clici
90 2276 131 2322 tibi
142 2275 169 2333 ll]
178 2289 183 2331 3
193 2274 221 2320 ab
231 2273 333 2319 Ecclesia
341 2285 383 2332 pro
393 2272 461 2317 Horis
474 2271 595 2319 canonicis
606 2281 747 2333 assumptus,
758 2276 787 2322 ab
812 2263 816 2266 ⁶

28 2349 152 2408 Evangelio
162 2349 212 2406 ipso
226 2347 399 2393 commendatus
409 2346 433 2391 iu
443 2348 574 2406 septenario
585 2347 670 2393 Christi
690 2352 788 2399 asscensu

30 2424 51 2467 iu
62 2422 189 2484 Jerusalem
201 2438 205 2467 :
219 2422 279 2467 unde
290 2422 387 2467 diversae
401 2433 443 2481 pro
456 2420 551 2480 singulis
564 2421 737 2468 visitationibus
750 2425 787 2468 in-

30 2499 151 2551 tentiones,
166 2495 297 2556 dirersique
316 2496 411 2541 affectus
429 2496 515 2541 assumi
536 2501 639 2555 possunt,
654 2503 677 2542 et
690 2498 787 2557 quilibet

30 2587 70 2632 pro
82 2573 128 2620 illis
139 2572 208 2619 horas
220 2572 264 2618 sibi
277 2571 440 2620 convenientes
452 2571 537 2632 eligere
548 2578 571 2617 et
584 2576 696 2619 statuere.

53 2740 79 2788 (l)
87 2741 155 2781 Psalm.
165 2749 227 2779 curui.
