1715 2908
57 137 108 187 234
269 152 326 188 urus
345 152 481 195 transimus
498 152 606 189 suarius

57 248 160 308 Accipite
170 254 191 295 et
203 248 317 304 comedite,
327 250 365 296 boe
381 256 413 297 est
425 250 512 309 Corpus
523 264 594 296 ineam
600 264 608 305 ,·
620 255 641 296 et
658 250 769 311 msipieus
779 264 818 296 eo-

59 326 128 379 lisem,
138 325 226 384 protios
237 326 290 385 epit,
302 332 322 372 et
335 326 396 372 desiit
408 325 462 380 illis,
468 326 555 372 eliseus:
566 326 639 374 Bibite
651 340 678 372 em
687 327 725 371 boe
735 341 817 382 ommes,

60 400 94 446 bie
107 407 137 447 est
150 401 208 446 enim
219 401 316 460 Saupm's
332 416 391 448 roseos
407 402 458 446 riom
475 401 609 454 testamenti,
623 402 662 460 qui
678 416 722 462 pro
741 402 819 448 moltis

60 476 185 535 offuttcletttr
197 475 386 523 inremissionem
397 483 540 536 peecatorum
547 492 555 533 ,·
568 478 606 522 lior
625 477 694 536 fosite
709 477 735 522 im
748 491 820 523 meum

61 550 289 597 commemorationem
301 552 339 611 (l).
353 551 440 608 Quibus
452 551 528 597 verbis
544 551 589 596 illis
608 557 748 611 potestat-em
765 551 821 597 feeit

61 626 159 685 idipsum
176 626 283 679 faciendi
298 640 338 672 sen
355 626 512 680 consecrandi,
529 634 552 671 et
572 626 717 672 sacrificandi
730 627 753 671 in
770 640 822 671 me-

62 701 158 746 moriam
170 696 258 751 ,mortis
276 715 332 755 suae,
343 701 410 746 eloneo
421 700 505 754 ueniat,
518 700 562 746 boo
575 706 617 757 est,
630 701 741 761 usquead
752 701 821 746 finem

63 775 141 820 raaudi
152 780 175 820 at
192 775 252 819 diem
262 776 353 835 Judioii.
367 779 472 834 Agnosce
485 775 538 821 doni
554 776 621 835 hujus
638 775 821 834 magnitudinem

62 849 255 903 inaestimabilem,
281 851 368 908 gratias
390 863 432 907 age
452 862 522 909 quam
541 849 662 904 maximas,
686 855 709 894 et
731 850 822 909 quoties

62 938 167 984 usurpas,
178 925 312 970 Passionem
325 924 415 970 Domini
428 924 512 970 recole.

92 1002 117 1044 30
130 1000 188 1044 Doni
202 999 302 1058 pretium
315 1004 408 1059 augent,
423 1005 446 1045 et
464 999 602 1045 charitatem
618 999 746 1058 impensius
757 1011 823 1044 eorn-

61 1075 172 1120 mendant
183 1075 364 1120 circumstantia
374 1073 423 1120 tuni
434 1074 594 1128 institutionis,
607 1081 656 1120 tum
669 1074 822 1134 repetitionis.

63 1152 89 1194 l0
110 1145 265 1195 institutionis
288 1149 381 1209 quidem
404 1149 544 1209 tempusue
565 1164 609 1208 osto
631 1156 694 1197 noete
716 1150 823 1197 trosleiu-

63 1229 104 1269 tur
127 1224 169 1283 (Q
193 1223 265 1278 loeus,
287 1224 446 1285 ierosolymis,
460 1225 499 1268 ubi
523 1225 633 1283 postridie
654 1224 824 1283 ertioifigendus

64 1306 122 1344 erat.
134 1300 249 1356 Perseum,
262 1299 286 1343 in
303 1299 388 1358 quibus
401 1304 423 1344 et
435 1300 507 1344 ludas
523 1299 627 1358 proditor
640 1314 645 1344 1
657 1312 720 1354 usus,
734 1314 778 1345 non
795 1300 823 1345 atl

64 1374 204 1419 servandum
216 1378 307 1419 tantum
327 1380 350 1419 et
368 1370 520 1429 adoraudum,
533 1374 574 1418 sed
587 1374 618 1419 ad'
629 1374 824 1419 manducandum.

65 1454 90 1496 20
102 1448 236 1509 Repetiouis
248 1462 304 1494 uero
315 1448 426 1503 omnium,
441 1453 491 1493 turn
503 1448 697 1503 consecrantium,
712 1454 760 1494 tum
770 1463 824 1507 par-

65 1524 219 1585 ticipantium,
243 1522 350 1583 quamvis
379 1522 534 1582 indignorum,
559 1524 651 1568 nemine
679 1523 780 1576 excluso,
802 1524 826 1568 in

65 1601 127 1646 omni
146 1599 197 1646 loeo
215 1604 238 1644 et
253 1604 365 1658 ternpore,
385 1599 478 1658 quoties
495 1597 597 1652 libuerit,
611 1612 685 1659 usque
705 1599 735 1644 ad
759 1598 826 1643 finem

65 1676 145 1721 muudi
162 1674 355 1721 irrevocabiliter.
375 1674 504 1730 ildmirara7
523 1674 600 1730 landa,
615 1675 703 1734 gratias
725 1688 767 1734 age
787 1687 826 1733 pro

66 1752 180 1808 primibus,
195 1757 218 1796 et
238 1750 370 1803 specialiter
388 1763 429 1809 pro
447 1756 479 1805 te,
497 1749 559 1809 quod
580 1749 640 1795 tanti
657 1751 762 1810 mysterii
783 1763 827 1795 nou

66 1824 141 1873 solum
151 1826 297 1885 participem,
308 1825 349 1870 sed
362 1825 432 1870 etiam
444 1822 576 1869 ministrum
587 1824 696 1883 elegerim
710 1830 733 1869 et
745 1825 828 1870 instau-

68 1912 102 1948 ter
115 1905 168 1961 pete
180 1905 206 1945 ut
215 1906 237 1944 te
249 1900 343 1958 dignum
356 1899 404 1945 suis
416 1898 527 1945 altaribus
538 1898 609 1945 faeiat
621 1901 762 1950 ministrum,

98 1979 213 2022 Pumcruu
223 1976 252 2020 ΙΙ.
267 2001 294 2008 -
306 1976 452 2020 Postremum
463 1987 602 2029 sermonem,
612 1988 711 2035 eumque
723 1974 829 2020 efficacis·

33 2071 34 2075 ¹
68 2053 151 2098 simum
163 2052 193 2097 ad
205 2064 262 2116 supp,
272 2050 360 2104 habuit,
373 2051 397 2094 in
413 2064 458 2109 quo
479 2052 545 2109 quasi
558 2054 698 2097 testamento
711 2063 829 2096 commen-

69 2128 140 2183 darit,
156 2129 181 2171 l⁰
194 2110 345 2172 sullbtltotess]
366 2130 389 2170 et
400 2125 564 2172 mandatorum
582 2125 724 2181 custodiam
737 2129 762 2173 20
776 2139 829 2170 mu-

70 2210 134 2249 tuam
151 2201 308 2248 dilectionem.
328 2200 375 2246 Hoo
390 2205 430 2255 est,
444 2200 528 2261 inquit,
552 2208 688 2260 praereptum
708 2215 788 2255 memore,
805 2204 830 2244 ut

71 2279 171 2337 olilipotis
186 2276 281 2323 inoieem
295 2276 353 2323 simet
364 2268 433 2321 (illesi
442 2290 480 2321 oos
488 2276 525 2336 (3).
540 2277 565 2320 30
582 2272 699 2321 Orationis
711 2276 828 2322 studium:

72 2353 226 2412 Quodcumque
237 2351 352 2411 petieritis
370 2352 462 2397 Putrem
476 2351 502 2396 itt
521 2348 611 2396 momine
622 2352 727 2405 mem'lroo
738 2350 830 2410 fotium,

38 2458 40 2460 >
72 2434 96 2473 ut
106 2427 247 2488 plurificatur
257 2426 329 2471 Potor
345 2426 371 2471 iu
383 2426 452 2472 attio.
467 2428 493 2471 40
505 2426 567 2471 Inter
581 2438 701 2484 pressuras
714 2434 736 2472 et
747 2426 831 2472 adver-

71 2504 154 2550 sitates
166 2501 274 2547 fidutiam
285 2502 308 2546 in
322 2502 376 2557 Deo,
391 2501 504 2561 promisso
517 2499 563 2545 illis
575 2499 662 2560 Spiritu
671 2501 764 2548 Sancto.
778 2499 831 2544 Haeo

94 2622 121 2665 (tt
128 2619 197 2656 Matth.
207 2630 257 2656 xxvi.
485 2618 512 2665 (3)
519 2617 575 2655 toan,
586 2628 624 2656 xrv.

93 2667 119 2712 (2)
127 2667 145 2702 Il
153 2664 237 2703 Corinth.
