<?xml version="1.0" encoding="UTF-8"?>
<!DOCTYPE html PUBLIC "-//W3C//DTD XHTML 1.0 Transitional//EN"
    "http://www.w3.org/TR/xhtml1/DTD/xhtml1-transitional.dtd">
<html xmlns="http://www.w3.org/1999/xhtml" xml:lang="en" lang="en">
 <head>
  <title>
</title>
<meta http-equiv="Content-Type" content="text/html;charset=utf-8" />
  <meta name='ocr-system' content='tesseract 3.04.00' />
  <meta name='ocr-capabilities' content='ocr_page ocr_carea ocr_par ocr_line ocrx_word'/>
</head>
<body>
  <div class='ocr_page' id='page_1' title='image "MN5052ucmf_3_0291.png"; bbox 0 0 1715 2908; ppageno 0'>
   <div class='ocr_carea' id='block_1_1' title="bbox 41 130 594 182">
    <p class='ocr_par' dir='ltr' id='par_1_1' title="bbox 41 130 594 182">
     <span class='ocr_line' id='line_1_1' title="bbox 41 130 594 182; baseline 0.005 -3"><span class='ocrx_word' id='word_1_1' title='bbox 41 130 91 180; x_wconf 78' lang='lat'><em>278</em></span> <span class='ocrx_word' id='word_1_2' title='bbox 182 152 184 155; x_wconf 45' lang='lat'><strong><em>¹</em></strong></span> <span class='ocrx_word' id='word_1_3' title='bbox 251 145 308 182; x_wconf 80' lang='lat' dir='ltr'><em>ures</em></span> <span class='ocrx_word' id='word_1_4' title='bbox 326 143 463 181; x_wconf 78' lang='lat' dir='ltr'><em>venusinus</em></span> <span class='ocrx_word' id='word_1_5' title='bbox 481 144 594 182; x_wconf 83' lang='lat' dir='ltr'><em>ocrnvos</em></span> 
     </span>
    </p>
   </div>
   <div class='ocr_carea' id='block_1_2' title="bbox 42 241 808 536">
    <p class='ocr_par' dir='ltr' id='par_1_2' title="bbox 42 241 807 380">
     <span class='ocr_line' id='line_1_2' title="bbox 44 241 807 306; baseline 0.004 -17"><span class='ocrx_word' id='word_1_6' title='bbox 44 249 96 289; x_wconf 78' lang='lat' dir='ltr'><em>tntis</em></span> <span class='ocrx_word' id='word_1_7' title='bbox 113 248 145 290; x_wconf 85' lang='lat' dir='ltr'><em>est</em></span> <span class='ocrx_word' id='word_1_8' title='bbox 155 242 202 303; x_wconf 72' lang='lat' dir='ltr'><em>(lli</em></span> <span class='ocrx_word' id='word_1_9' title='bbox 214 241 281 289; x_wconf 85' lang='lat' dir='ltr'><em>absit.</em></span> <span class='ocrx_word' id='word_1_10' title='bbox 296 242 345 303; x_wconf 79' lang='lat' dir='ltr'><em>Epo</em></span> <span class='ocrx_word' id='word_1_11' title='bbox 362 242 505 289; x_wconf 75' lang='lat' dir='ltr'><em>libentissime</em></span> <span class='ocrx_word' id='word_1_12' title='bbox 517 242 645 305; x_wconf 86' lang='lat' dir='ltr'><em>impendar,</em></span> <span class='ocrx_word' id='word_1_13' title='bbox 655 249 677 291; x_wconf 86' lang='lat' dir='ltr'><em>et</em></span> <span class='ocrx_word' id='word_1_14' title='bbox 692 243 807 306; x_wconf 81' lang='lat' dir='ltr'><em>superim-</em></span> 
     </span>
     <span class='ocr_line' id='line_1_3' title="bbox 42 318 520 380; baseline 0 -15"><span class='ocrx_word' id='word_1_15' title='bbox 42 319 131 380; x_wconf 81' lang='lat' dir='ltr'><em>pendar</em></span> <span class='ocrx_word' id='word_1_16' title='bbox 143 319 189 379; x_wconf 84' lang='lat' dir='ltr'><em>ipse</em></span> <span class='ocrx_word' id='word_1_17' title='bbox 199 332 243 377; x_wconf 83' lang='lat' dir='ltr'><em>pro</em></span> <span class='ocrx_word' id='word_1_18' title='bbox 259 318 378 365; x_wconf 77' lang='lat' dir='ltr'><em>animabus</em></span> <span class='ocrx_word' id='word_1_19' title='bbox 387 319 468 366; x_wconf 75' lang='lat' dir='ltr'><em>vestris</em></span> <span class='ocrx_word' id='word_1_20' title='bbox 482 320 520 378; x_wconf 56' lang='grc' dir='ltr'><em>(ἓ).</em></span> 
     </span>
    </p>

    <p class='ocr_par' dir='ltr' id='par_1_3' title="bbox 44 394 808 536">
     <span class='ocr_line' id='line_1_4' title="bbox 75 394 808 454; baseline 0.003 -13"><span class='ocrx_word' id='word_1_21' title='bbox 75 395 229 454; x_wconf 84' lang='lat' dir='ltr'><em>Colloquium.</em></span> <span class='ocrx_word' id='word_1_22' title='bbox 243 396 299 441; x_wconf 82' lang='lat' dir='ltr'><em>Pete</em></span> <span class='ocrx_word' id='word_1_23' title='bbox 316 395 367 442; x_wconf 82' lang='lat' dir='ltr'><em>haee</em></span> <span class='ocrx_word' id='word_1_24' title='bbox 382 394 427 441; x_wconf 86' lang='lat' dir='ltr'><em>tria</em></span> <span class='ocrx_word' id='word_1_25' title='bbox 446 409 458 440; x_wconf 88' lang='lat' dir='ltr'><em>a</em></span> <span class='ocrx_word' id='word_1_26' title='bbox 478 395 569 443; x_wconf 83' lang='lat' dir='ltr'><em>Christo</em></span> <span class='ocrx_word' id='word_1_27' title='bbox 586 394 705 453; x_wconf 78' lang='lat' dir='ltr'><em>crucifixo,</em></span> <span class='ocrx_word' id='word_1_28' title='bbox 718 402 744 443; x_wconf 90' lang='lat' dir='ltr'><em>ut</em></span> <span class='ocrx_word' id='word_1_29' title='bbox 759 396 808 443; x_wconf 89' lang='lat' dir='ltr'><em>fru-</em></span> 
     </span>
     <span class='ocr_line' id='line_1_5' title="bbox 44 469 605 536; baseline 0.004 -22"><span class='ocrx_word' id='word_1_30' title='bbox 44 477 97 515; x_wconf 84' lang='lat' dir='ltr'><em>ctus</em></span> <span class='ocrx_word' id='word_1_31' title='bbox 108 469 222 530; x_wconf 80' lang='lat' dir='ltr'><em>passionis</em></span> <span class='ocrx_word' id='word_1_32' title='bbox 233 471 312 529; x_wconf 86' lang='lat' dir='ltr'><em>ejus...</em></span> <span class='ocrx_word' id='word_1_33' title='bbox 326 470 413 536; x_wconf 16' lang='lat' dir='ltr'><em>Aunima</em></span> <span class='ocrx_word' id='word_1_34' title='bbox 425 470 521 527; x_wconf 81' lang='lat' dir='ltr'><em>Christi,</em></span> <span class='ocrx_word' id='word_1_35' title='bbox 535 477 575 521; x_wconf 88' lang='lat' dir='ltr'><em>cte.</em></span> <span class='ocrx_word' id='word_1_36' title='bbox 604 481 605 487; x_wconf 55' lang='lat'>¹</span> 
     </span>
    </p>
   </div>
   <div class='ocr_carea' id='block_1_3' title="bbox 322 605 537 653">
    <p class='ocr_par' dir='ltr' id='par_1_4' title="bbox 322 605 537 653">
     <span class='ocr_line' id='line_1_6' title="bbox 322 605 537 653; baseline 0.005 -1"><span class='ocrx_word' id='word_1_37' title='bbox 322 607 350 652; x_wconf 91' lang='grc' dir='ltr'><em>ΙΙ.</em></span> <span class='ocrx_word' id='word_1_38' title='bbox 368 605 537 653; x_wconf 75' lang='lat' dir='ltr'><em>insultario.</em></span> 
     </span>
    </p>
   </div>
   <div class='ocr_carea' id='block_1_4' title="bbox 154 704 704 765">
    <p class='ocr_par' dir='ltr' id='par_1_5' title="bbox 154 704 704 765">
     <span class='ocr_line' id='line_1_7' title="bbox 154 704 704 765; baseline 0 -14"><span class='ocrx_word' id='word_1_39' title='bbox 154 705 187 751; x_wconf 86' lang='lat' dir='ltr'><em>Da</em></span> <span class='ocrx_word' id='word_1_40' title='bbox 203 707 352 765; x_wconf 75' lang='lat' dir='ltr'><em>compassione</em></span> <span class='ocrx_word' id='word_1_41' title='bbox 367 706 396 751; x_wconf 87' lang='lat' dir='ltr'><em>B.</em></span> <span class='ocrx_word' id='word_1_42' title='bbox 417 705 443 753; x_wconf 90' lang='lat' dir='ltr'><em>V.</em></span> <span class='ocrx_word' id='word_1_43' title='bbox 461 705 494 754; x_wconf 84' lang='lat' dir='ltr'><em>M.</em></span> <span class='ocrx_word' id='word_1_44' title='bbox 513 704 704 752; x_wconf 70' lang='lat' dir='ltr'><em>Deraemistae.</em></span> 
     </span>
    </p>
   </div>
   <div class='ocr_carea' id='block_1_5' title="bbox 47 803 812 894">
    <p class='ocr_par' dir='ltr' id='par_1_6' title="bbox 47 803 812 894">
     <span class='ocr_line' id='line_1_8' title="bbox 59 803 812 862; baseline 0.004 -22"><span class='ocrx_word' id='word_1_45' title='bbox 59 855 63 862; x_wconf 91' lang='lat'><em>.</em></span> <span class='ocrx_word' id='word_1_46' title='bbox 75 804 195 861; x_wconf 72' lang='lat' dir='ltr'><em>Pralndtnm</em></span> <span class='ocrx_word' id='word_1_47' title='bbox 205 807 222 842; x_wconf 90' lang='lat' dir='ltr'><em>l.</em></span> <span class='ocrx_word' id='word_1_48' title='bbox 233 824 260 832; x_wconf 89' lang='lat'>-</span> <span class='ocrx_word' id='word_1_49' title='bbox 271 803 388 842; x_wconf 77' lang='lat' dir='ltr'><em>Beatissimo</em></span> <span class='ocrx_word' id='word_1_50' title='bbox 398 803 459 855; x_wconf 79' lang='lat' dir='ltr'><em>Virgo</em></span> <span class='ocrx_word' id='word_1_51' title='bbox 472 809 528 843; x_wconf 87' lang='lat' dir='ltr'><em>stans</em></span> <span class='ocrx_word' id='word_1_52' title='bbox 536 803 593 854; x_wconf 82' lang='lat' dir='ltr'><em>juxta</em></span> <span class='ocrx_word' id='word_1_53' title='bbox 607 816 685 844; x_wconf 85' lang='lat' dir='ltr'><em>crucem</em></span> <span class='ocrx_word' id='word_1_54' title='bbox 702 803 751 844; x_wconf 73' lang='lat' dir='ltr'><em>sitit</em></span> <span class='ocrx_word' id='word_1_55' title='bbox 763 814 812 843; x_wconf 89' lang='lat' dir='ltr'><em>mo-</em></span> 
     </span>
     <span class='ocr_line' id='line_1_9' title="bbox 47 861 733 894; baseline 0.006 -2"><span class='ocrx_word' id='word_1_56' title='bbox 47 861 125 894; x_wconf 85' lang='lat' dir='ltr'><em>rientis.</em></span> <span class='ocrx_word' id='word_1_57' title='bbox 731 876 733 880; x_wconf 41' lang='lat' dir='ltr'>v</span> 
     </span>
    </p>
   </div>
   <div class='ocr_carea' id='block_1_6' title="bbox 48 930 826 2565">
    <p class='ocr_par' dir='ltr' id='par_1_7' title="bbox 48 930 812 1033">
     <span class='ocr_line' id='line_1_10' title="bbox 61 930 812 988; baseline 0.001 -21"><span class='ocrx_word' id='word_1_58' title='bbox 61 981 65 988; x_wconf 92' lang='lat'><em>.</em></span> <span class='ocrx_word' id='word_1_59' title='bbox 75 931 196 976; x_wconf 78' lang='lat' dir='ltr'><em>Proelnelinm</em></span> <span class='ocrx_word' id='word_1_60' title='bbox 204 932 232 970; x_wconf 86' lang='grc' dir='ltr'><em>Π.</em></span> <span class='ocrx_word' id='word_1_61' title='bbox 241 950 267 959; x_wconf 90' lang='grc'>-</span> <span class='ocrx_word' id='word_1_62' title='bbox 276 932 322 970; x_wconf 82' lang='lat' dir='ltr'><em>Pete</em></span> <span class='ocrx_word' id='word_1_63' title='bbox 330 930 486 982; x_wconf 81' lang='lat' dir='ltr'><em>magnitudinem</em></span> <span class='ocrx_word' id='word_1_64' title='bbox 497 930 571 970; x_wconf 87' lang='lat' dir='ltr'><em>doloris</em></span> <span class='ocrx_word' id='word_1_65' title='bbox 580 933 623 982; x_wconf 87' lang='lat' dir='ltr'><em>ejus</em></span> <span class='ocrx_word' id='word_1_66' title='bbox 633 943 692 970; x_wconf 89' lang='lat' dir='ltr'><em>nosse</em></span> <span class='ocrx_word' id='word_1_67' title='bbox 701 937 720 970; x_wconf 88' lang='lat' dir='ltr'><em>et</em></span> <span class='ocrx_word' id='word_1_68' title='bbox 730 932 812 980; x_wconf 84' lang='lat' dir='ltr'><em>sentire,</em></span> 
     </span>
     <span class='ocr_line' id='line_1_11' title="bbox 48 984 635 1033; baseline 0.003 -14"><span class='ocrx_word' id='word_1_69' title='bbox 48 993 107 1033; x_wconf 85' lang='lat' dir='ltr'><em>eique</em></span> <span class='ocrx_word' id='word_1_70' title='bbox 117 984 210 1033; x_wconf 85' lang='lat' dir='ltr'><em>compati.</em></span> <span class='ocrx_word' id='word_1_71' title='bbox 228 1011 229 1014; x_wconf 19' lang='grc' dir='ltr'>η</span> <span class='ocrx_word' id='word_1_72' title='bbox 632 1009 635 1013; x_wconf 86' lang='lat'><em>-</em></span> 
     </span>
    </p>

    <p class='ocr_par' dir='ltr' id='par_1_8' title="bbox 50 1063 821 1207">
     <span class='ocr_line' id='line_1_12' title="bbox 78 1063 821 1133; baseline 0.001 -17"><span class='ocrx_word' id='word_1_73' title='bbox 78 1066 195 1119; x_wconf 77' lang='lat' dir='ltr'><em>Pomorum</em></span> <span class='ocrx_word' id='word_1_74' title='bbox 207 1073 225 1116; x_wconf 84' lang='lat' dir='ltr'><em>l.</em></span> <span class='ocrx_word' id='word_1_75' title='bbox 239 1097 267 1107; x_wconf 88' lang='lat'><em>-</em></span> <span class='ocrx_word' id='word_1_76' title='bbox 278 1073 349 1119; x_wconf 84' lang='lat' dir='ltr'><em>Beata</em></span> <span class='ocrx_word' id='word_1_77' title='bbox 361 1072 429 1131; x_wconf 81' lang='lat' dir='ltr'><em>‘lingo</em></span> <span class='ocrx_word' id='word_1_78' title='bbox 441 1072 514 1119; x_wconf 85' lang='lat' dir='ltr'><em>Maria</em></span> <span class='ocrx_word' id='word_1_79' title='bbox 526 1072 619 1118; x_wconf 88' lang='lat' dir='ltr'><em>crudele</em></span> <span class='ocrx_word' id='word_1_80' title='bbox 638 1072 777 1133; x_wconf 77' lang='lat' dir='ltr'><em>martyrium</em></span> <span class='ocrx_word' id='word_1_81' title='bbox 789 1063 821 1118; x_wconf 61' lang='lat' dir='ltr'><em>in&#39;</em></span> 
     </span>
     <span class='ocr_line' id='line_1_13' title="bbox 50 1146 466 1207; baseline 0.005 -17"><span class='ocrx_word' id='word_1_82' title='bbox 50 1151 124 1192; x_wconf 87' lang='lat' dir='ltr'><em>morte</em></span> <span class='ocrx_word' id='word_1_83' title='bbox 136 1146 222 1193; x_wconf 81' lang='lat' dir='ltr'><em>Christi</em></span> <span class='ocrx_word' id='word_1_84' title='bbox 232 1147 284 1194; x_wconf 85' lang='lat' dir='ltr'><em>Filii</em></span> <span class='ocrx_word' id='word_1_85' title='bbox 293 1147 329 1193; x_wconf 88' lang='lat' dir='ltr'><em>sui</em></span> <span class='ocrx_word' id='word_1_86' title='bbox 341 1161 410 1207; x_wconf 88' lang='lat' dir='ltr'><em>passa</em></span> <span class='ocrx_word' id='word_1_87' title='bbox 423 1153 466 1193; x_wconf 90' lang='lat' dir='ltr'><em>est.</em></span> 
     </span>
    </p>

    <p class='ocr_par' dir='ltr' id='par_1_9' title="bbox 50 1220 817 1660">
     <span class='ocr_line' id='line_1_14' title="bbox 80 1220 815 1283; baseline 0.003 -17"><span class='ocrx_word' id='word_1_88' title='bbox 80 1223 106 1266; x_wconf 87' lang='lat' dir='ltr'><em>t0</em></span> <span class='ocrx_word' id='word_1_89' title='bbox 119 1220 228 1281; x_wconf 88' lang='lat' dir='ltr'><em>Oportuit</em></span> <span class='ocrx_word' id='word_1_90' title='bbox 238 1223 328 1282; x_wconf 89' lang='lat' dir='ltr'><em>impleri</em></span> <span class='ocrx_word' id='word_1_91' title='bbox 341 1222 489 1283; x_wconf 82' lang='lat' dir='ltr'><em>Prophetiam</em></span> <span class='ocrx_word' id='word_1_92' title='bbox 508 1221 622 1270; x_wconf 86' lang='lat' dir='ltr'><em>Simeonis</em></span> <span class='ocrx_word' id='word_1_93' title='bbox 639 1222 701 1268; x_wconf 91' lang='lat' dir='ltr'><em>senis</em></span> <span class='ocrx_word' id='word_1_94' title='bbox 715 1221 815 1268; x_wconf 87' lang='lat' dir='ltr'><em>dicentis</em></span> 
     </span>
     <span class='ocr_line' id='line_1_15' title="bbox 50 1297 814 1358; baseline 0.001 -16"><span class='ocrx_word' id='word_1_95' title='bbox 50 1297 130 1343; x_wconf 81' lang='lat' dir='ltr'><em>Mariae</em></span> <span class='ocrx_word' id='word_1_96' title='bbox 144 1312 149 1341; x_wconf 76' lang='grc' dir='ltr'><strong>ι</strong></span> <span class='ocrx_word' id='word_1_97' title='bbox 165 1298 236 1344; x_wconf 84' lang='lat' dir='ltr'><em>Tuam</em></span> <span class='ocrx_word' id='word_1_98' title='bbox 250 1297 323 1357; x_wconf 81' lang='lat' dir='ltr'><em>ipsias</em></span> <span class='ocrx_word' id='word_1_99' title='bbox 334 1297 436 1344; x_wconf 78' lang='lat' dir='ltr'><em>antimum</em></span> <span class='ocrx_word' id='word_1_100' title='bbox 443 1297 596 1358; x_wconf 73' lang='lat' dir='ltr'><em>pertransibit</em></span> <span class='ocrx_word' id='word_1_101' title='bbox 608 1297 697 1357; x_wconf 77' lang='lat' dir='ltr'><em>plastices</em></span> <span class='ocrx_word' id='word_1_102' title='bbox 713 1298 752 1357; x_wconf 56' lang='grc'><em>(3).</em></span> <span class='ocrx_word' id='word_1_103' title='bbox 763 1298 814 1344; x_wconf 90' lang='lat' dir='ltr'><em>Non</em></span> 
     </span>
     <span class='ocr_line' id='line_1_16' title="bbox 52 1372 815 1433; baseline 0 -15"><span class='ocrx_word' id='word_1_104' title='bbox 52 1386 144 1433; x_wconf 84' lang='lat' dir='ltr'><em>corpus,</em></span> <span class='ocrx_word' id='word_1_105' title='bbox 159 1372 199 1419; x_wconf 88' lang='lat' dir='ltr'><em>sed</em></span> <span class='ocrx_word' id='word_1_106' title='bbox 218 1374 320 1420; x_wconf 90' lang='lat' dir='ltr'><em>animam</em></span> <span class='ocrx_word' id='word_1_107' title='bbox 336 1375 428 1430; x_wconf 83' lang='lat' dir='ltr'><em>hlatris;</em></span> <span class='ocrx_word' id='word_1_108' title='bbox 448 1374 539 1433; x_wconf 79' lang='lat' dir='ltr'><em>gladius</em></span> <span class='ocrx_word' id='word_1_109' title='bbox 555 1387 601 1419; x_wconf 86' lang='lat' dir='ltr'><em>non</em></span> <span class='ocrx_word' id='word_1_110' title='bbox 618 1372 753 1428; x_wconf 79' lang='lat' dir='ltr'><em>materialis,</em></span> <span class='ocrx_word' id='word_1_111' title='bbox 774 1373 815 1419; x_wconf 89' lang='lat' dir='ltr'><em>sed</em></span> 
     </span>
     <span class='ocr_line' id='line_1_17' title="bbox 53 1436 816 1510; baseline 0.003 -17"><span class='ocrx_word' id='word_1_112' title='bbox 53 1447 189 1508; x_wconf 86' lang='lat' dir='ltr'><em>spiritualis,</em></span> <span class='ocrx_word' id='word_1_113' title='bbox 211 1436 362 1509; x_wconf 77' lang='lat' dir='ltr'><em>pertransibit</em></span> <span class='ocrx_word' id='word_1_114' title='bbox 381 1463 421 1495; x_wconf 91' lang='lat' dir='ltr'><em>seu</em></span> <span class='ocrx_word' id='word_1_115' title='bbox 440 1447 621 1510; x_wconf 65' lang='lat' dir='ltr'><em>penetrabimet</em></span> <span class='ocrx_word' id='word_1_116' title='bbox 646 1454 718 1494; x_wconf 87' lang='lat' dir='ltr'><em>totam</em></span> <span class='ocrx_word' id='word_1_117' title='bbox 737 1448 816 1495; x_wconf 88' lang='lat' dir='ltr'><em>dolore</em></span> 
     </span>
     <span class='ocr_line' id='line_1_18' title="bbox 53 1525 817 1585; baseline 0.001 -16"><span class='ocrx_word' id='word_1_118' title='bbox 53 1525 159 1584; x_wconf 82' lang='lat' dir='ltr'><em>implebit</em></span> <span class='ocrx_word' id='word_1_119' title='bbox 178 1539 205 1571; x_wconf 80' lang='lat' dir='ltr'><em>en</em></span> <span class='ocrx_word' id='word_1_120' title='bbox 220 1525 299 1570; x_wconf 83' lang='lat' dir='ltr'><em>dolore</em></span> <span class='ocrx_word' id='word_1_121' title='bbox 318 1525 378 1581; x_wconf 86' lang='lat' dir='ltr'><em>Filii,</em></span> <span class='ocrx_word' id='word_1_122' title='bbox 394 1525 497 1585; x_wconf 82' lang='lat' dir='ltr'><em>adeoque</em></span> <span class='ocrx_word' id='word_1_123' title='bbox 518 1539 558 1584; x_wconf 88' lang='lat' dir='ltr'><em>per</em></span> <span class='ocrx_word' id='word_1_124' title='bbox 578 1526 768 1584; x_wconf 83' lang='lat' dir='ltr'><em>compassionem,</em></span> <span class='ocrx_word' id='word_1_125' title='bbox 788 1539 817 1571; x_wconf 81' lang='lat' dir='ltr'><em>en</em></span> 
     </span>
     <span class='ocr_line' id='line_1_19' title="bbox 54 1599 816 1660; baseline 0.005 -16"><span class='ocrx_word' id='word_1_126' title='bbox 54 1601 103 1659; x_wconf 78' lang='lat' dir='ltr'><em>ejus</em></span> <span class='ocrx_word' id='word_1_127' title='bbox 113 1600 227 1660; x_wconf 81' lang='lat' dir='ltr'><em>passione,</em></span> <span class='ocrx_word' id='word_1_128' title='bbox 240 1613 267 1646; x_wconf 90' lang='lat' dir='ltr'><em>eo</em></span> <span class='ocrx_word' id='word_1_129' title='bbox 277 1601 352 1660; x_wconf 79' lang='lat' dir='ltr'><em>magis</em></span> <span class='ocrx_word' id='word_1_130' title='bbox 364 1599 503 1656; x_wconf 83' lang='lat' dir='ltr'><em>dolorosam,</em></span> <span class='ocrx_word' id='word_1_131' title='bbox 518 1600 579 1660; x_wconf 87' lang='lat' dir='ltr'><em>quod</em></span> <span class='ocrx_word' id='word_1_132' title='bbox 589 1613 651 1646; x_wconf 92' lang='lat' dir='ltr'><em>mere</em></span> <span class='ocrx_word' id='word_1_133' title='bbox 662 1600 816 1659; x_wconf 83' lang='lat' dir='ltr'><em>spiritualem.</em></span> 
     </span>
    </p>

    <p class='ocr_par' dir='ltr' id='par_1_10' title="bbox 55 1675 826 2261">
     <span class='ocr_line' id='line_1_20' title="bbox 85 1675 826 1735; baseline -0.003 -13"><span class='ocrx_word' id='word_1_134' title='bbox 85 1679 109 1722; x_wconf 69' lang='lat'><em>20</em></span> <span class='ocrx_word' id='word_1_135' title='bbox 122 1676 153 1722; x_wconf 86' lang='lat' dir='ltr'><em>Ut</em></span> <span class='ocrx_word' id='word_1_136' title='bbox 163 1676 268 1721; x_wconf 88' lang='lat' dir='ltr'><em>Christus</em></span> <span class='ocrx_word' id='word_1_137' title='bbox 279 1681 328 1721; x_wconf 87' lang='lat' dir='ltr'><em>tota</em></span> <span class='ocrx_word' id='word_1_138' title='bbox 336 1676 385 1722; x_wconf 91' lang='lat' dir='ltr'><em>vita</em></span> <span class='ocrx_word' id='word_1_139' title='bbox 396 1689 478 1735; x_wconf 86' lang='lat' dir='ltr'><em>passus</em></span> <span class='ocrx_word' id='word_1_140' title='bbox 489 1682 524 1720; x_wconf 90' lang='lat' dir='ltr'><em>est</em></span> <span class='ocrx_word' id='word_1_141' title='bbox 535 1675 633 1720; x_wconf 88' lang='lat' dir='ltr'><em>interius</em></span> <span class='ocrx_word' id='word_1_142' title='bbox 645 1689 686 1734; x_wconf 91' lang='lat' dir='ltr'><em>per</em></span> <span class='ocrx_word' id='word_1_143' title='bbox 699 1676 826 1733; x_wconf 74' lang='lat' dir='ltr'><em>praescien-</em></span> 
     </span>
     <span class='ocr_line' id='line_1_21' title="bbox 55 1745 817 1811; baseline 0.003 -16"><span class='ocrx_word' id='word_1_144' title='bbox 55 1752 111 1797; x_wconf 89' lang='lat' dir='ltr'><em>tiam</em></span> <span class='ocrx_word' id='word_1_145' title='bbox 122 1756 146 1797; x_wconf 85' lang='lat' dir='ltr'><em>et</em></span> <span class='ocrx_word' id='word_1_146' title='bbox 152 1751 349 1811; x_wconf 83' lang='lat' dir='ltr'><em>exspectationem</em></span> <span class='ocrx_word' id='word_1_147' title='bbox 358 1764 437 1797; x_wconf 91' lang='lat' dir='ltr'><em>eorum</em></span> <span class='ocrx_word' id='word_1_148' title='bbox 448 1764 501 1810; x_wconf 81' lang='lat' dir='ltr'><em>qirae</em></span> <span class='ocrx_word' id='word_1_149' title='bbox 512 1749 622 1810; x_wconf 85' lang='lat' dir='ltr'><em>deinceps</em></span> <span class='ocrx_word' id='word_1_150' title='bbox 630 1764 740 1809; x_wconf 83' lang='lat' dir='ltr'><em>passurus</em></span> <span class='ocrx_word' id='word_1_151' title='bbox 751 1745 817 1797; x_wconf 78' lang='lat' dir='ltr'><em>erat:</em></span> 
     </span>
     <span class='ocr_line' id='line_1_22' title="bbox 55 1826 819 1886; baseline -0.001 -14"><span class='ocrx_word' id='word_1_152' title='bbox 55 1827 88 1872; x_wconf 88' lang='lat' dir='ltr'><em>ita</em></span> <span class='ocrx_word' id='word_1_153' title='bbox 109 1827 247 1873; x_wconf 89' lang='lat' dir='ltr'><em>Beatissima</em></span> <span class='ocrx_word' id='word_1_154' title='bbox 271 1828 320 1886; x_wconf 78' lang='lat' dir='ltr'><em>ejus</em></span> <span class='ocrx_word' id='word_1_155' title='bbox 340 1827 414 1873; x_wconf 81' lang='lat' dir='ltr'><em>Mater</em></span> <span class='ocrx_word' id='word_1_156' title='bbox 430 1833 479 1873; x_wconf 87' lang='lat' dir='ltr'><em>tota</em></span> <span class='ocrx_word' id='word_1_157' title='bbox 498 1827 545 1872; x_wconf 86' lang='lat' dir='ltr'><em>vita</em></span> <span class='ocrx_word' id='word_1_158' title='bbox 561 1826 594 1871; x_wconf 87' lang='lat' dir='ltr'><em>iili</em></span> <span class='ocrx_word' id='word_1_159' title='bbox 609 1840 730 1885; x_wconf 85' lang='lat' dir='ltr'><em>compassa</em></span> <span class='ocrx_word' id='word_1_160' title='bbox 746 1832 819 1880; x_wconf 65' lang='lat' dir='ltr'><em>esna</em></span> 
     </span>
     <span class='ocr_line' id='line_1_23' title="bbox 56 1899 816 1961; baseline -0.001 -16"><span class='ocrx_word' id='word_1_161' title='bbox 56 1905 160 1961; x_wconf 82' lang='lat' dir='ltr'><em>tempore</em></span> <span class='ocrx_word' id='word_1_162' title='bbox 170 1901 232 1946; x_wconf 88' lang='lat' dir='ltr'><em>illius</em></span> <span class='ocrx_word' id='word_1_163' title='bbox 240 1900 371 1961; x_wconf 85' lang='lat' dir='ltr'><em>Prophetiae</em></span> <span class='ocrx_word' id='word_1_164' title='bbox 380 1905 403 1947; x_wconf 86' lang='lat' dir='ltr'><em>et</em></span> <span class='ocrx_word' id='word_1_165' title='bbox 412 1901 528 1961; x_wconf 84' lang='lat' dir='ltr'><em>deinceps,</em></span> <span class='ocrx_word' id='word_1_166' title='bbox 540 1913 584 1945; x_wconf 91' lang='lat' dir='ltr'><em>non</em></span> <span class='ocrx_word' id='word_1_167' title='bbox 594 1899 668 1945; x_wconf 83' lang='lat' dir='ltr'><em>solum</em></span> <span class='ocrx_word' id='word_1_168' title='bbox 677 1899 706 1946; x_wconf 92' lang='lat' dir='ltr'><em>oh</em></span> <span class='ocrx_word' id='word_1_169' title='bbox 713 1912 816 1960; x_wconf 86' lang='lat' dir='ltr'><em>persecu·</em></span> 
     </span>
     <span class='ocr_line' id='line_1_24' title="bbox 57 1975 820 2037; baseline 0 -14"><span class='ocrx_word' id='word_1_170' title='bbox 57 1977 131 2023; x_wconf 89' lang='lat' dir='ltr'><em>tiones</em></span> <span class='ocrx_word' id='word_1_171' title='bbox 140 1983 164 2022; x_wconf 87' lang='lat' dir='ltr'><em>et</em></span> <span class='ocrx_word' id='word_1_172' title='bbox 175 1975 373 2023; x_wconf 87' lang='lat' dir='ltr'><em>contradictiones</em></span> <span class='ocrx_word' id='word_1_173' title='bbox 384 1979 506 2023; x_wconf 88' lang='lat' dir='ltr'><em>continuas</em></span> <span class='ocrx_word' id='word_1_174' title='bbox 515 1978 570 2023; x_wconf 87' lang='lat' dir='ltr'><em>vitae</em></span> <span class='ocrx_word' id='word_1_175' title='bbox 581 1977 651 2033; x_wconf 86' lang='lat' dir='ltr'><em>illius,</em></span> <span class='ocrx_word' id='word_1_176' title='bbox 665 1979 764 2023; x_wconf 82' lang='lat' dir='ltr'><em>maxime</em></span> <span class='ocrx_word' id='word_1_177' title='bbox 775 1992 820 2037; x_wconf 91' lang='lat' dir='ltr'><em>pu-</em></span> 
     </span>
     <span class='ocr_line' id='line_1_25' title="bbox 56 2051 820 2112; baseline -0.001 -15"><span class='ocrx_word' id='word_1_178' title='bbox 56 2053 138 2108; x_wconf 78' lang='lat' dir='ltr'><em>hlicae3</em></span> <span class='ocrx_word' id='word_1_179' title='bbox 155 2052 196 2097; x_wconf 92' lang='lat' dir='ltr'><em>sed</em></span> <span class='ocrx_word' id='word_1_180' title='bbox 216 2051 288 2097; x_wconf 90' lang='lat' dir='ltr'><em>etiam</em></span> <span class='ocrx_word' id='word_1_181' title='bbox 306 2052 335 2096; x_wconf 87' lang='lat' dir='ltr'><em>ob</em></span> <span class='ocrx_word' id='word_1_182' title='bbox 353 2052 491 2111; x_wconf 77' lang='lat' dir='ltr'><em>ignominias</em></span> <span class='ocrx_word' id='word_1_183' title='bbox 508 2059 531 2097; x_wconf 90' lang='lat' dir='ltr'><em>et</em></span> <span class='ocrx_word' id='word_1_184' title='bbox 549 2051 640 2098; x_wconf 91' lang='lat' dir='ltr'><em>dolores</em></span> <span class='ocrx_word' id='word_1_185' title='bbox 658 2054 740 2098; x_wconf 87' lang='lat' dir='ltr'><em>mortis</em></span> <span class='ocrx_word' id='word_1_186' title='bbox 761 2054 820 2112; x_wconf 74' lang='lat' dir='ltr'><em>ejus.</em></span> 
     </span>
     <span class='ocr_line' id='line_1_26' title="bbox 57 2127 820 2188; baseline -0.001 -16"><span class='ocrx_word' id='word_1_187' title='bbox 57 2129 160 2188; x_wconf 86' lang='lat' dir='ltr'><em>Uterque</em></span> <span class='ocrx_word' id='word_1_188' title='bbox 172 2127 234 2172; x_wconf 90' lang='lat' dir='ltr'><em>enim</em></span> <span class='ocrx_word' id='word_1_189' title='bbox 245 2139 338 2172; x_wconf 86' lang='lat' dir='ltr'><em>crucem</em></span> <span class='ocrx_word' id='word_1_190' title='bbox 349 2127 436 2185; x_wconf 79' lang='lat' dir='ltr'><em>jugiter</em></span> <span class='ocrx_word' id='word_1_191' title='bbox 447 2128 471 2172; x_wconf 90' lang='lat' dir='ltr'><em>iu</em></span> <span class='ocrx_word' id='word_1_192' title='bbox 487 2127 556 2173; x_wconf 88' lang='lat' dir='ltr'><em>corde</em></span> <span class='ocrx_word' id='word_1_193' title='bbox 567 2127 647 2185; x_wconf 80' lang='lat' dir='ltr'><em>gessit,</em></span> <span class='ocrx_word' id='word_1_194' title='bbox 659 2132 683 2172; x_wconf 90' lang='lat' dir='ltr'><em>et</em></span> <span class='ocrx_word' id='word_1_195' title='bbox 702 2127 820 2187; x_wconf 90' lang='lat' dir='ltr'><em>spinarum</em></span> 
     </span>
     <span class='ocr_line' id='line_1_27' title="bbox 58 2201 563 2261; baseline -0.006 -12"><span class='ocrx_word' id='word_1_196' title='bbox 58 2216 86 2249; x_wconf 86' lang='lat' dir='ltr'><em>ao</em></span> <span class='ocrx_word' id='word_1_197' title='bbox 97 2202 217 2249; x_wconf 81' lang='lat' dir='ltr'><em>clavorum</em></span> <span class='ocrx_word' id='word_1_198' title='bbox 227 2202 363 2261; x_wconf 83' lang='lat' dir='ltr'><em>punctiones</em></span> <span class='ocrx_word' id='word_1_199' title='bbox 375 2201 457 2247; x_wconf 90' lang='lat' dir='ltr'><em>intime</em></span> <span class='ocrx_word' id='word_1_200' title='bbox 470 2203 550 2247; x_wconf 53' lang='lat' dir='ltr'><em>sensit,</em></span> <span class='ocrx_word' id='word_1_201' title='bbox 562 2235 563 2239; x_wconf 65' lang='lat'><em>,</em></span> 
     </span>
    </p>

    <p class='ocr_par' dir='ltr' id='par_1_11' title="bbox 59 2269 824 2565">
     <span class='ocr_line' id='line_1_28' title="bbox 88 2269 820 2338; baseline -0.007 -14"><span class='ocrx_word' id='word_1_202' title='bbox 88 2282 114 2324; x_wconf 82' lang='lat'><em>30</em></span> <span class='ocrx_word' id='word_1_203' title='bbox 126 2278 171 2324; x_wconf 86' lang='lat' dir='ltr'><em>Sed</em></span> <span class='ocrx_word' id='word_1_204' title='bbox 181 2278 299 2338; x_wconf 87' lang='lat' dir='ltr'><em>praecipue</em></span> <span class='ocrx_word' id='word_1_205' title='bbox 310 2276 335 2322; x_wconf 90' lang='lat' dir='ltr'><em>in</em></span> <span class='ocrx_word' id='word_1_206' title='bbox 344 2276 402 2324; x_wconf 87' lang='lat' dir='ltr'><em>hora</em></span> <span class='ocrx_word' id='word_1_207' title='bbox 414 2277 496 2324; x_wconf 87' lang='lat' dir='ltr'><em>mortis</em></span> <span class='ocrx_word' id='word_1_208' title='bbox 509 2269 609 2331; x_wconf 72' lang='lat' dir='ltr'><em>Domini,</em></span> <span class='ocrx_word' id='word_1_209' title='bbox 622 2284 646 2323; x_wconf 87' lang='lat' dir='ltr'><em>ut</em></span> <span class='ocrx_word' id='word_1_210' title='bbox 659 2276 724 2323; x_wconf 84' lang='lat' dir='ltr'><em>dolor</em></span> <span class='ocrx_word' id='word_1_211' title='bbox 736 2277 820 2324; x_wconf 84' lang='lat' dir='ltr'><em>Christi</em></span> 
     </span>
     <span class='ocr_line' id='line_1_29' title="bbox 59 2348 821 2415; baseline -0.004 -15"><span class='ocrx_word' id='word_1_212' title='bbox 59 2355 89 2400; x_wconf 90' lang='lat' dir='ltr'><em>ad</em></span> <span class='ocrx_word' id='word_1_213' title='bbox 105 2349 221 2400; x_wconf 77' lang='lat' dir='ltr'><em>summum</em></span> <span class='ocrx_word' id='word_1_214' title='bbox 239 2353 337 2413; x_wconf 78' lang='lat' dir='ltr'><em>gradum</em></span> <span class='ocrx_word' id='word_1_215' title='bbox 356 2355 469 2414; x_wconf 86' lang='lat' dir='ltr'><em>pervenit,</em></span> <span class='ocrx_word' id='word_1_216' title='bbox 488 2355 521 2400; x_wconf 84' lang='lat' dir='ltr'><em>ita</em></span> <span class='ocrx_word' id='word_1_217' title='bbox 541 2348 671 2415; x_wconf 85' lang='lat' dir='ltr'><em>compassio</em></span> <span class='ocrx_word' id='word_1_218' title='bbox 691 2354 771 2400; x_wconf 82' lang='lat' dir='ltr'><em>Matris</em></span> <span class='ocrx_word' id='word_1_219' title='bbox 790 2352 821 2399; x_wconf 89' lang='lat' dir='ltr'><em>illi</em></span> 
     </span>
     <span class='ocr_line' id='line_1_30' title="bbox 60 2429 823 2490; baseline -0.008 -13"><span class='ocrx_word' id='word_1_220' title='bbox 60 2430 201 2490; x_wconf 84' lang='lat' dir='ltr'><em>respondens</em></span> <span class='ocrx_word' id='word_1_221' title='bbox 223 2436 247 2476; x_wconf 89' lang='lat' dir='ltr'><em>et</em></span> <span class='ocrx_word' id='word_1_222' title='bbox 270 2435 457 2476; x_wconf 85' lang='lat' dir='ltr'><em>commensurata</em></span> <span class='ocrx_word' id='word_1_223' title='bbox 478 2430 586 2476; x_wconf 86' lang='lat' dir='ltr'><em>ultimum</em></span> <span class='ocrx_word' id='word_1_224' title='bbox 610 2429 776 2489; x_wconf 78' lang='lat' dir='ltr'><em>magnitndinis</em></span> <span class='ocrx_word' id='word_1_225' title='bbox 801 2435 823 2473; x_wconf 86' lang='lat' dir='ltr'><em>et</em></span> 
     </span>
     <span class='ocr_line' id='line_1_31' title="bbox 60 2506 824 2565; baseline -0.008 -9"><span class='ocrx_word' id='word_1_226' title='bbox 60 2508 222 2556; x_wconf 85' lang='lat' dir='ltr'><em>amaritudinis</em></span> <span class='ocrx_word' id='word_1_227' title='bbox 232 2507 358 2554; x_wconf 88' lang='lat' dir='ltr'><em>terminum</em></span> <span class='ocrx_word' id='word_1_228' title='bbox 370 2513 495 2555; x_wconf 82' lang='lat' dir='ltr'><em>consecuta</em></span> <span class='ocrx_word' id='word_1_229' title='bbox 507 2514 542 2553; x_wconf 88' lang='lat' dir='ltr'><em>est</em></span> <span class='ocrx_word' id='word_1_230' title='bbox 549 2522 554 2565; x_wconf 87' lang='lat'>;</span> <span class='ocrx_word' id='word_1_231' title='bbox 562 2512 612 2554; x_wconf 89' lang='lat' dir='ltr'><em>tum</em></span> <span class='ocrx_word' id='word_1_232' title='bbox 622 2512 651 2554; x_wconf 82' lang='lat' dir='ltr'><em>ex</em></span> <span class='ocrx_word' id='word_1_233' title='bbox 662 2506 824 2556; x_wconf 83' lang='lat' dir='ltr'><em>recordatione</em></span> 
     </span>
    </p>
   </div>
   <div class='ocr_carea' id='block_1_7' title="bbox 83 2622 588 2726">
    <p class='ocr_par' dir='ltr' id='par_1_12' title="bbox 83 2622 588 2726">
     <span class='ocr_line' id='line_1_32' title="bbox 84 2622 588 2677; baseline -0.004 -7"><span class='ocrx_word' id='word_1_234' title='bbox 84 2634 128 2677; x_wconf 71' lang='lat' dir='ltr'><em>(til</em></span> <span class='ocrx_word' id='word_1_235' title='bbox 138 2632 219 2671; x_wconf 84' lang='lat' dir='ltr'><em>Corinth.</em></span> <span class='ocrx_word' id='word_1_236' title='bbox 229 2643 268 2672; x_wconf 78' lang='lat' dir='ltr'><em>rm.</em></span> <span class='ocrx_word' id='word_1_237' title='bbox 477 2622 504 2677; x_wconf 69' lang='grc'><em>(3)</em></span> <span class='ocrx_word' id='word_1_238' title='bbox 511 2629 556 2668; x_wconf 80' lang='lat' dir='ltr'><em>Luc.</em></span> <span class='ocrx_word' id='word_1_239' title='bbox 567 2640 588 2668; x_wconf 80' lang='grc' dir='ltr'><em>ιι.</em></span> 
     </span>
     <span class='ocr_line' id='line_1_33' title="bbox 83 2680 234 2726; baseline 0.013 -10"><span class='ocrx_word' id='word_1_240' title='bbox 83 2681 110 2726; x_wconf 79' lang='lat'><em>(2)</em></span> <span class='ocrx_word' id='word_1_241' title='bbox 118 2680 135 2715; x_wconf 92' lang='lat' dir='ltr'><em>ll</em></span> <span class='ocrx_word' id='word_1_242' title='bbox 143 2680 183 2716; x_wconf 82' lang='lat' dir='ltr'><em>lhid</em></span> <span class='ocrx_word' id='word_1_243' title='bbox 200 2687 234 2718; x_wconf 66' lang='grc' dir='ltr'><em>ΧΠ.</em></span> 
     </span>
    </p>
   </div>
   <div class='ocr_carea' id='block_1_8' title="bbox 0 0 885 2908">
    <p class='ocr_par' dir='ltr' id='par_1_13' title="bbox 0 0 885 2908">
     <span class='ocr_line' id='line_1_34' title="bbox 0 0 885 2908; baseline 0 0"><span class='ocrx_word' id='word_1_244' title='bbox 0 0 885 2908; x_wconf 95' lang='lat' dir='ltr'><em> </em></span> 
     </span>
    </p>
   </div>
  </div>
 </body>
</html>
