1715 2908
44 160 94 209 246
247 175 303 209 uuus
322 175 459 211 vuonsuuus
487 174 605 215 curares

31 284 87 316 nec
97 271 190 317 videtur
206 283 249 316 nec
260 272 354 318 auditur
367 273 396 318 ab
406 271 453 318 itio.
467 272 577 331 Magister
590 275 676 327 autem,
688 272 728 331 qui
740 271 806 317 vide-

44 349 82 389 tur
94 351 117 391 et
126 345 228 401 auditur,
240 358 333 411 semper
342 347 407 392 ilium
420 347 442 392 in
454 345 529 392 officio
541 347 651 392 continet.

75 419 112 465 VI.
125 419 247 479 -Cogita
261 426 374 479 qnantum
387 422 439 466 honi
456 421 518 481 apud
532 433 617 481 pueros
634 420 710 466 facere
724 421 805 480 possis.

46 494 127 538 Primis
138 493 203 538 anuis
217 494 296 538 audita
310 509 428 555 nunquam
439 495 614 549 obliviscuntur,
624 509 677 540 cum
688 496 734 540 sint
747 497 809 541 inno-

45 573 130 623 centes,
144 567 227 613 saltem
242 582 254 614 a
271 571 357 614 mundo
371 570 473 615 nondum
487 570 599 630 corrupti,
610 570 718 614 timorem
732 569 773 613 Dei
785 575 808 614 et

45 655 148 689 umorem
160 643 252 689 facilius
271 646 411 706 concipiunt
424 651 447 690 et
464 644 552 691 diutius
568 645 669 690 retinent
683 645 808 690 :eumdem

45 720 135 773 orandi,
149 720 283 775 confitendi,
300 721 485 766 communicandi
503 721 598 766 modum
619 722 673 765 tunc'
690 720 807 780 inceptum

45 794 92 840 foro
104 808 194 854 semper
207 796 342 842 servabunt.
355 796 420 842 Unde
433 811 446 842 e
458 796 543 842 scholis
555 797 641 841 nostris
651 796 687 841 vel
697 797 807 855 Religion

47 870 160 930 prodeunt
172 869 208 915 vet
222 869 275 916 boni
288 872 424 918 Saeouiares.
751 866 752 869 ¹

76 946 123 993 Vll.
138 946 245 992 -Forte
262 953 285 993 et
305 956 328 994 tu
345 948 492 994 vocationem
504 953 569 993 tuam
580 947 648 994 bonae
658 946 808 1007 collegiorum

46 1022 178 1068 educationi
190 1022 261 1068 debes
274 1038 278 1068 :
293 1023 362 1069 redde
376 1036 429 1082 ergo
444 1023 496 1069 aliis
514 1023 577 1083 quod
592 1024 642 1083 ipse
654 1024 727 1083 gratis
740 1037 808 1070 acce-

46 1098 109 1158 pisti.

76 1174 135 1220 VIII.
148 1174 237 1220 -Viri
250 1174 370 1234 apostolici
382 1181 405 1220 et
422 1175 483 1235 apud
496 1188 537 1220 nos
549 1174 627 1230 nemsi,
639 1174 726 1234 ¹quidue
736 1189 809 1235 usque

40 1241 69 1295 in
89 1250 155 1295 Sinas
173 1255 196 1294 et
213 1249 359 1295 Cauadenses
378 1251 467 1296 animas
488 1255 595 1309 quaeront
617 1249 758 1296 salvandas:
772 1250 810 1295 hic

47 1324 118 1369 hurbes
129 1323 237 1369 Barbaris
250 1323 296 1368 illis
310 1323 422 1377 mitiores,
437 1332 460 1369 et
471 1324 603 1370 dociliores.
618 1327 652 1369 An
670 1323 750 1370 obvias
770 1339 810 1370 re-

47 1398 147 1453 cusabis,
161 1402 184 1443 et
194 1397 294 1444 daemoni
308 1398 435 1457 perdendas
448 1398 570 1444 dimittes?

76 1473 118 1518 iX.
131 1498 158 1505 -
171 1472 195 1517 Si
206 1471 265 1517 forto
279 1472 369 1531 aliquos
385 1472 408 1516 in
422 1473 506 1517 mundo
518 1473 650 1532 perdidisti,
661 1472 698 1516 iric
711 1485 749 1517 eos
760 1473 809 1517 Deo

48 1547 156 1602 restitue3
171 1546 254 1591 saltem
273 1545 293 1591 si
310 1547 358 1590 Deo
372 1547 447 1591 minus
460 1546 577 1592 ferventer
588 1545 669 1600 servis,
684 1559 725 1604 per
738 1559 777 1591 eos
788 1548 809 1590 id

47 1634 181 1680 compensa.
193 1622 276 1666 Preces
289 1620 381 1665 iliorum
393 1634 434 1680 pro
447 1627 469 1666 te
481 1621 543 1666 Deus
556 1620 675 1666 exaudiet.

77 1695 109 1740 X.
121 1721 148 1728 -
160 1695 258 1739 Domum
272 1694 348 1754 siqua
363 1694 514 1740 distractione
531 1700 554 1739 et
566 1695 695 1740 cessatione
708 1707 766 1753 opus
776 1701 811 1739 est

48 1770 72 1813 in
82 1768 172 1823 studiis,
184 1773 291 1828 potestne
303 1768 383 1813 utilior
393 1774 416 1813 et
427 1769 522 1814 suavior
532 1768 647 1814 inveniri?

78 1844 161 1890 XL-
178 1845 227 1889 Nec
242 1843 315 1898 dicas,
330 1843 473 1903 impossibiie
488 1851 522 1889 est
539 1844 563 1889 in
580 1844 625 1889 hoc
642 1843 716 1889 officio
727 1842 811 1888 multos

48 1921 127 1980 tapsus
138 1921 222 1965 vitare.
235 1919 369 1979 Respondet
381 1924 447 1979 pater
464 1919 573 1966 Claudius
586 1921 614 1965 de
633 1920 655 1965 la
670 1919 812 1965 Columbiero

47 1995 148 2055 iugulas
160 1995 227 2041 nobis
239 2009 252 2041 a
264 1996 312 2041 Deo
326 1995 392 2042 datas
405 2009 451 2041 non
462 2008 512 2041 esse
523 1995 686 2055 impossibiles,
698 1994 813 2054 simulque

49 2070 161 2117 auxilium
170 2071 198 2116 ad
210 2069 262 2117 ilias
280 2078 344 2116 recte
356 2070 482 2118 servandas
495 2083 545 2117 esse
555 2076 672 2130 paratum.
686 2070 752 2116 Adde
762 2068 813 2115 cul-

50 2161 91 2206 pas
102 2146 163 2192 leves
173 2146 198 2191 in
210 2160 238 2191 eo
251 2145 415 2201 admittendas,
428 2151 522 2207 propter
539 2147 616 2205 majus
625 2145 713 2191 bonum
730 2150 754 2191 et
765 2157 813 2191 me-

50 2223 122 2267 ritum
131 2221 199 2267 facile
211 2221 307 2267 dimitti.

81 2298 132 2342 XII.
148 2323 175 2331 -
188 2298 270 2343 diodus
283 2310 367 2356 pueros
382 2297 505 2354 educandi,
520 2297 615 2343 modum
635 2297 717 2355 agendi
737 2300 815 2354 Ange·-

50 2371 125 2417 iorum
138 2372 265 2419 Custodum
280 2372 365 2417 imitari
379 2372 456 2418 debet.

81 2450 107 2492 to
120 2447 203 2507 Angeii
214 2447 290 2507 parati
303 2453 357 2505 sunt
375 2448 409 2492 ire
426 2449 451 2493 in
466 2461 558 2493 omnem
577 2454 664 2494 terram
683 2452 707 2492 et
726 2447 813 2499 locum3

51 2538 96 2570 non
109 2524 205 2568 veniunt
218 2524 248 2568 ad
260 2536 310 2579 noo,
325 2523 369 2568 nisi
383 2524 454 2569 aDeo
467 2524 540 2569 missi.

81 2603 107 2647 20
118 2598 156 2646 Sic
168 2598 234 2644 nobis
250 2603 385 2645 constanter
396 2599 528 2658 invigilant,
541 2603 569 2645 ut
584 2598 627 2644 Dei
641 2598 755 2645 visionem
773 2605 816 2640 nec
842 2604 844 2608 ¹

50 2675 80 2723 ed
93 2681 205 2734 punctum
215 2673 336 2721 omittant.
809 2691 811 2694 ’
