1715 2908
193 174 318 208 sueonum
337 149 506 208 associatum
526 145 635 211 ooanrus
748 159 796 210 157

32 271 161 332 peraddito,
174 271 223 317 taus
240 272 281 318 Dei
295 265 338 332 'par
355 273 471 332 utrimque
484 270 556 329 foret3
573 271 592 318 si
608 275 685 318 tamen
698 271 797 318 addatur

33 349 106 407 maior
118 346 203 395 Christi
216 347 323 402 imitatio,
336 347 386 407 jam
401 346 489 392 totlitur
502 348 597 407 paritas,
612 352 636 394 et
649 347 721 408 major
733 347 798 409 posi-

33 423 80 470 tive
91 424 132 469 Dei
145 422 218 483 gioria
231 422 333 482 exsurgit
345 424 427 469 merito
439 422 601 484 praeetigenda.
815 471 816 474 ,

63 503 88 546 2⁰
100 500 149 563 Hoc
161 499 233 557 exigit
243 511 306 543 amor
317 497 404 545 Christi
414 498 513 544 haustus
524 511 551 543 cx
562 497 757 559 contemplatione
769 498 798 544 de

32 587 103 632 regno
115 579 139 619 et
150 571 234 618 uexillo
245 574 302 632 ciue,
317 586 405 632 nempe,
418 579 444 618 ut
457 585 498 618 nos
510 575 559 632 eJus
571 574 691 620 affectibus
704 572 798 619 consor-

31 661 129 706 memus,
142 649 191 707 ejus
202 661 266 693 erma
279 647 409 701 induamus,
425 647 586 706 ejus-iusignia
599 656 723 706 gestemus.

63 727 88 768 3⁰
100 724 149 768 Hoc
161 722 209 782 ipse
222 723 270 767 suis
286 721 424 781 sequacibus
438 722 545 781 proponit
558 728 670 781 tauquam
680 722 797 768 conditio-

33 788 92 854 nem,
107 799 214 856 sineque
226 810 266 842 eos
278 811 320 843 uec
332 797 446 855 agnoseit,
460 810 503 841 neo
517 797 620 842 admittit
634 813 639 841 :
653 797 737 857 Siquis
750 798 799 844 eutr

32 879 81 933 post
97 887 131 918 ute
144 871 229 926 tenire,
243 872 333 933 oboepet
349 871 499 932 semetipsum,
513 876 533 916 et
551 872 615 918 tottot
632 886 718 918 erucem
734 887 798 919 strom

32 947 131 1007 quotidie
148 947 188 1006 (t);
207 947 268 1007 quod
288 947 316 992 ad
329 958 409 992 omnes
422 946 518 1000 dictum,
531 945 614 991 saitem
633 947 661 992 de
681 947 796 1007 perfectis,

33 1023 130 1081 intelligi
143 1022 220 1068 debet.
451 1024 453 1027 ⁴
483 1031 491 1077 j
670 1084 671 1087 Ἰ

58 1101 88 1153 40
100 1099 149 1144 Hoc
162 1097 225 1144 natet
237 1097 265 1143 ad
285 1096 414 1142 uberiorem
430 1096 538 1156 gratiam,
553 1110 642 1158 pacem,
657 1098 799 1146 consoratio-

32 1189 84 1221 nem
95 1174 265 1235 procurandam
273 1187 279 1229 ;
288 1174 356 1232 juxta
368 1172 424 1218 illud
439 1188 444 1216 1
459 1173 490 1219 Et
502 1173 623 1227 e'ooeuiett's
635 1175 735 1234 requiem
746 1176 799 1222 orti-

32 1251 109 1296 rrtootrs
120 1250 201 1296 vestris
212 1250 249 1308 (2).
263 1249 292 1295 Et
305 1262 384 1295 rursus
397 1263 402 1293 z
420 1249 555 1308 Quicumque
570 1250 628 1295 totto
646 1251 750 1309 repetem
763 1267 799 1305 se,-

33 1327 78 1372 etttt'
91 1325 188 1386 fuerint,
200 1338 248 1385 porr
257 1338 326 1384 supet·
336 1324 395 1378 ittos,
409 1331 431 1371 et
442 1324 615 1385 misericordia(
632 1327 646 1381 t.

62 1402 88 1444 50
98 1402 148 1446 Hoo
156 1400 240 1459 spiritu
252 1400 312 1458 pieni
323 1399 442 1458 Apostoli:
453 1398 520 1444 Ibunt
529 1400 650 1458 pandentes
658 1415 672 1444 o
683 1409 800 1461 consperto

34 1475 138 1529 Concitet,
152 1475 209 1534 qood
221 1472 284 1533 aqut
296 1474 367 1519 hodite
377 1479 448 1519 errent
458 1488 501 1533 pro
515 1475 604 1519 rtomioe
617 1475 671 1521 Jeeo
683 1483 799 1522 conteme-

33 1550 87 1595 tiont
95 1549 144 1608 poti
155 1550 191 1606 (t).
205 1548 234 1593 Et
245 1547 329 1592 Paulus
338 1547 430 1592 dicebat
442 1562 446 1591 τ
457 1547 523 1592 Absit
532 1539 591 1593 mitt
599 1549 706 1607 qtortort',
721 1550 766 1595 nisi
774 1551 798 1595 itt

34 1624 105 1668 Crrree
117 1619 212 1667 Domini
224 1619 297 1666 nostri
312 1621 367 1666 Jertt
383 1621 472 1667 Christi
490 1621 526 1681 (5).
543 1622 592 1667 Hoc
604 1622 643 1666 atii
656 1623 743 1678 Sancti,
759 1625 798 1684 qui

34 1702 152 1758 acceptam
164 1709 177 1741 a
189 1694 315 1754 majoribus
327 1693 492 1753 perfectionem
503 1696 526 1740 'm
539 1709 564 1741 se
574 1709 707 1757 expressam
719 1705 799 1758 poste-

34 1773 65 1819 ris
77 1772 230 1832 reliquerunt.

63 1851 88 1893 60
104 1846 147 1892 Hic
163 1844 259 1905 spiritus
274 1843 331 1890 uiris
351 1843 484 1904 apostolicis
496 1846 588 1891 omuino
607 1849 753 1895 necessarius
769 1850 798 1897 ad

34 1937 97 1969 enam
109 1921 252 1981 aliorumque
261 1919 440 1980 perfectionem
449 1933 502 1965 nam
513 1935 559 1981 qua
569 1921 653 1979 fronte,
664 1938 710 1985 quo
720 1923 798 1972 fructu

33 1998 149 2045 Christum
160 1997 296 2043 crucifixum
309 1994 360 2041 aliis
373 1995 536 2055 praedicarent,
552 2011 621 2057 quem
637 1998 681 2058 ipsi
693 2012 739 2044 nou
756 2011 797 2045 se-

34 2080 166 2136 querentur.
180 2074 223 2119 Hic
234 2081 304 2118 verus
315 2070 438 2133 societatis
451 2072 546 2132 spiritus
556 2071 569 2132 ξ
578 2074 601 2117 tt
615 2078 638 2118 et
649 2070 677 2121 m
688 2074 798 2122 Summa-

34 2152 60 2195 rii
71 2151 195 2197 Constitut.
206 2161 334 2209 expressus,
348 2153 371 2193 et
383 2145 489 2192 omnibus
502 2149 587 2193 nostris
600 2151 720 2208 tantopere
732 2163 798 2196 com-

34 2225 163 2279 mendatus,
183 2237 264 2284 nempe
283 2223 404 2276 abhorrere
420 2223 518 2277 omnino,
542 2228 567 2269 et·
579 2238 624 2268 non
638 2238 666 2269 err
683 2232 749 2284 purte
771 2225 797 2270 ub

36 2300 135 2346 omuibus
153 2312 201 2358 quoe
211 2298 307 2344 aeneidos
314 2301 375 2342 etmot
383 2302 405 2343 et
411 2297 564 2355 complectitor,
572 2303 592 2343 et
602 2312 702 2356 querere
712 2315 739 2346 oe
750 2315 799 2347 eon-

35 2373 145 2431 enpvircere
156 2372 208 2417 totis
222 2371 310 2417 uiribus
322 2370 430 2430 quidquid
442 2370 547 2417 Christus
559 2372 669 2417 Dominus
681 2374 767 2419 ontuoit
778 2380 798 2417 et

36 2448 147 2506 ourpteotts
157 2451 196 2491 est.
210 2446 245 2492 Ad
256 2445 317 2491 huno
327 2445 453 2505 pretiosum
464 2438 616 2503 persentiente¹
623 2447 721 2504 gradum
733 2449 799 2509 quis-

58 2596 82 2641 (t)
90 2596 158 2636 uranu,
168 2607 208 2642 xn13
218 2597 263 2634 Luc.
273 2606 301 2632 rx.
449 2595 476 2637 (tt
485 2597 523 2631 Aet.
534 2607 552 2631 r.

58 2642 85 2684 idi
95 2642 163 2681 matth.
171 2653 196 2680 rr.
449 2640 475 2686 (Ἴ
484 2640 545 2677 Galat.
554 2652 576 2678 rr.

42 2687 190 2733 -i3'tGalai-Y1·
227 2709 229 2712 ·
