1715 2908
12 153 46 201 46
300 155 356 205 otus
382 169 497 205 4444444

12 271 39 311 ut
57 265 186 313 orationem
209 272 312 313 nostram
336 268 454 328 adjuvent.
468 270 494 313 30
514 266 576 315 Finis
598 280 639 313 seu
658 266 775 318 conclusio

12 341 170 389 llleditaliunis
191 350 213 388 et
233 343 322 390 fructus
341 345 367 391 fit
385 344 512 403 colligendo
530 352 552 390 el
572 343 703 390 renovando
725 343 775 402 pios

14 418 112 464 affectus
124 433 182 480 quos
196 419 219 464 in
235 433 262 465 ea
275 420 397 477 sensimus,
409 420 527 480 proposita
540 433 592 480 quae
611 419 738 472 elicuimus,
753 425 775 465 et

14 493 152 554 postulando
173 494 261 553 gratias
280 495 364 554 quihus
385 496 484 541 maxime
501 494 638 555 indigemus,
660 500 701 540 aut
718 508 775 553 quas
831 517 834 522 ·

14 570 131 628 praecipue
149 569 316 625 desideramus,
328 585 369 630 per
385 570 476 615 feruens
489 569 629 630 colloquium
648 584 675 614 ex
689 571 739 628 ipsa
751 584 775 614 re

15 644 135 699 meditata,
149 644 225 704 quoad
238 644 288 690 fieri
301 650 387 704 potest,
399 647 554 703 desumptum.

44 719 83 764 444.
96 745 122 751 -
140 719 281 766 Recollectio
298 721 401 765 continet
419 719 490 764 eliam
507 717 559 764 tria.
573 721 598 762 l0
609 719 710 764 Examen
727 723 775 763 tum

15 795 201 854 praeparationis,
216 800 265 840 tum
281 795 353 854 ipsius
370 793 545 840 lleditationis:
564 794 671 850 videndo,
686 807 713 838 au
733 794 776 840 rite

15 866 108 916 servata
119 870 166 915 sint
176 871 253 916 omnia
266 875 382 930 praecepta
393 885 397 912 :
412 876 437 914 ut
448 868 603 914 successerit?
613 870 631 912 si
645 869 710 923 bene,
721 883 775 927 gra-

16 945 61 989 tias
74 945 171 1003 agendo,
182 952 205 989 el
222 945 315 990 modum
329 943 430 989 notando
447 942 476 988 ad
493 942 557 987 illurn
570 942 729 1001 sequendum:
741 943 775 986 sin

16 1019 84 1074 male,
98 1021 191 1066 ueniant
202 1021 308 1080 petendo,
322 1025 346 1083 et
357 1033 451 1065 causam
465 1020 611 1079 inquirendo,
622 1019 651 1064 ad
669 1018 777 1064 vitandos

17 1094 104 1140 similes
114 1095 226 1140 delectus.
241 1099 266 1142 2⁰
280 1095 492 1141 Considerationem
504 1106 584 1139 eorum
595 1107 647 1153 quise
659 1094 776 1152 proposita

17 1171 79 1223 sunt,
94 1169 193 1227 petendo
204 1163 284 1212 rursus
297 1180 377 1213 eorum
391 1168 557 1223 executionem,
567 1173 590 1213 et
602 1167 776 1212 determinando

17 1241 205 1287 circumstantias
218 1241 264 1286 loci
280 1246 302 1285 et
323 1243 442 1301 temporis,
455 1247 478 1286 el
497 1242 585 1300 Angelo
602 1242 695 1287 Custodi
712 1255 776 1286 coiu-

17 1315 155 1361 mendando.
170 1319 195 1360 30
214 1314 376 1360 Collectioneni
395 1315 493 1361 aliorum
508 1315 633 1377 fructuum,
647 1316 776 1374 praesertim
803 1358 805 1361 ,

17 1390 131 1434 luminum
142 1396 164 1435 et
177 1390 300 1435 affectuum
311 1390 463 1449 singularium
475 1403 488 1435 a
499 1391 546 1434 Deo
559 1391 722 1443 immissorum,
737 1390 777 1449 qui

18 1477 59 1523 per
71 1463 132 1508 diem
143 1463 269 1509 identidem
282 1464 406 1509 reuocandi
417 1472 439 1509 et
451 1455 583 1525 regustandi
594 1469 655 1509 sunt.

48 1539 98 1583 Huc
109 1540 223 1597 pertinent
236 1539 386 1597 repetitiones
402 1539 577 1595 lllcditalionuni
590 1539 656 1584 valde
668 1539 737 1584 utiles
749 1541 777 1585 ad

17 1628 54 1660 res
67 1614 148 1660 intIme
168 1614 329 1674 penetrandae,
345 1621 368 1660 et
389 1620 463 1660 totum
482 1628 561 1659 earum
579 1628 673 1660 succum
690 1614 776 1660 exhau-

17 1689 133 1735 riendum.
152 1690 192 1736 Est
213 1695 291 1736 aulem
309 1690 359 1736 haec
377 1691 493 1750 repetitio,
507 1702 552 1735 non
574 1691 669 1749 praecise
693 1691 775 1736 iterata

16 1765 136 1811 lleditatio
146 1766 248 1825 ejusdem
260 1766 302 1816 rei,
317 1766 357 1811 sed
369 1765 463 1811 reflexio
474 1778 544 1825 supra
554 1766 716 1811 lledilaliones
727 1766 776 1811 lao-

18 1847 148 1895 laesarum
158 1840 253 1895 lumina,
263 1846 379 1886 sensus‘et
392 1841 487 1887 affectus
501 1841 774 1897 superindumento,

17 1916 165 1975 reguslando.
177 1917 242 1963 Unde
253 1916 280 1977 in
288 1917 321 1961 eis
334 1917 404 1963 etiam
413 1917 479 1977 plura
490 1916 613 1978 colloquia.

48 1992 126 2037 Lectio
138 2006 165 2037 er
178 1992 258 2037 eodem
270 1992 379 2047 (laodien,
391 1993 419 2037 de
430 1993 474 2037 fine
484 1991 584 2038 Exercil
569 2000 653 2038 tiorum
666 1992 732 2051 spirit
736 2007 777 2038 ua-

9 2066 43 2123 li
36 2079 81 2122 tm
95 2066 327 2113 seuttaeitforma
313 2072 382 2122 ioue
398 2082 466 2127 pag
462 2070 500 2112 llll
524 2072 547 2111 ct
564 2068 634 2128 secpl
638 2068 776 2113 4444444444-

19 2141 125 2197 rectorio,
140 2156 190 2202 cap
206 2144 242 2200 ll
257 2144 322 2187 4444
335 2144 371 2187 lt.

16 2227 18 2229 ·
47 2216 336 2272 EnlmitationeCluisti‚
352 2218 390 2263 4444,
405 2220 461 2272 444
436 2220 525 2277 4444424
517 2218 581 2273 4444
602 2218 777 2286 compunctione

17 2292 102 2336 curulis.
