1715 2908
56 126 106 187 208
332 143 389 181 urus
406 142 544 181 transturas

57 239 142 299 eosqui
154 241 180 286 ia
193 240 255 288 omni
263 255 375 302 pressare
384 247 444 288 saut.
458 241 512 289 Noa
524 240 582 287 euim
595 241 697 287 uolumus
711 239 819 301 ipaorare

56 329 102 368 eoa,
115 315 209 373 trahes,
223 318 249 363 de
261 317 409 365 tribulatione
425 323 504 363 rtostra
517 331 564 375 aare
581 317 645 375 laeta
662 322 694 361 est
706 315 731 360 ia
746 316 818 363 Asia-

57 391 162 448 qaortiuut
178 405 249 449 sopra
269 392 357 438 moriam
369 390 459 452 pracati
469 405 553 445 sumas,
567 404 637 450 stupra
647 391 768 445 oirttttent,·
785 392 819 436 ito

57 470 83 509 at
102 464 193 511 taederet
210 480 249 510 uos
270 467 339 512 etiarn
356 468 430 512 uiuere
444 467 482 523 ll).
497 466 524 511 Et
536 479 616 512 rursus
639 465 711 511 alibi:
732 466 819 525 Saper-

58 536 144 583 nbando
162 539 244 598 paatlio
261 539 287 584 ia
304 540 365 585 omiti
386 539 532 586 tribulatione
548 545 635 592 austra,
651 538 712 597 foris
726 553 817 598 papate,

57 611 119 656 iratas
135 612 227 658 tinctores
241 616 279 673 (2).
294 613 361 671 Quod
375 615 403 659 de
421 626 445 658 se
464 613 548 659 Paulus
568 614 633 671 dicit,
647 613 671 657 id
695 613 718 657 in
739 627 819 659 ornnes

58 686 174 733 convenit.
194 687 279 734 Omnes
298 688 382 735 Orbem
400 688 554 749 peragrando,
567 687 725 750 praedicando,
739 702 819 749 perse-

54 755 163 809 ‘butiones
174 771 197 810 et
207 765 320 824 martyria
332 765 476 821 sustinendo,
484 764 601 811 heroicam
612 764 748 825 patientiam
758 778 820 810 exer·

58 846 164 884 suerunt.

89 912 147 970 Quid
168 914 213 960 viri
235 914 356 975 apostolici
377 914 530 969 Athanasius,
545 916 732 974 chrysostomus,
752 915 819 960 Basi-

59 987 119 1032 lius?
132 989 222 1048 etquid
242 990 322 1035 Patres
342 991 415 1036 nostri
428 990 504 1050 primi,
518 990 621 1049 Ignatius
634 1002 687 1034 cum
699 990 781 1042 Sociis,
796 996 818 1035 et

58 1064 144 1122 posteri
157 1065 254 1112 eurum?
264 1065 375 1112 Habentes
387 1065 461 1124 ipitar
481 1071 570 1111 tautane
588 1064 666 1110 titubent
679 1064 768 1110 testium
776 1079 819 1124 per

58 1137 192 1195 patientiam
207 1153 327 1184 carrarias
339 1141 368 1185 ool
380 1140 483 1184 breviant
494 1140 532 1198 (3).

89 1213 242 1273 Colloquiunr.
259 1214 320 1259 Offer
332 1222 354 1260 te
368 1215 397 1260 ad
407 1214 498 1260 labores
511 1214 657 1274 apostolicos,
666 1218 689 1257 et
700 1212 728 1258 ad
742 1213 819 1259 omnia

59 1285 194 1344 perferenda
206 1300 247 1347 pro
259 1288 301 1332 Dei
312 1288 395 1346 gloria.

88 1361 264 1407 Continuahitur
287 1363 367 1408 Lectio
398 1362 510 1408 sermonis
534 1369 586 1421 post
609 1362 709 1416 Coenam,
734 1362 817 1406 loann.

58 1449 109 1497 cap.
119 1451 153 1484 xv
165 1445 187 1484 et
206 1452 261 1495 xvr,
275 1438 303 1484 de
322 1439 454 1486 limitatione
465 1438 558 1494 Christi,
572 1437 612 1484 lib.
626 1438 643 1494 I,
657 1451 707 1497 cap.
723 1451 777 1494 nur,
790 1437 818 1482 de

58 1513 191 1560 sufferentia
205 1514 337 1560 defectuum
349 1514 484 1567 alienorum,
496 1514 535 1560 lib.
549 1515 588 1570 Ill,
602 1527 654 1574 cap.
668 1527 700 1570 1v,
716 1513 777 1573 quod
795 1513 818 1558 in

58 1589 157 1637 veritate
168 1598 190 1637 et
202 1584 332 1637 humilitate
343 1605 421 1638 corarn
434 1592 482 1636 Deo
493 1591 677 1637 conversandum
690 1596 734 1636 est.

287 1742 343 1787 XX.
362 1740 591 1789 CONSIDERATIO.⁴

152 1846 186 1891 De
204 1848 369 1892 contuersottoae
385 1861 434 1891 aaut
449 1845 542 1893 Nostris
558 1852 580 1892 et
594 1844 724 1891 Eaterais..

87 1949 104 1999 1.
118 1975 145 1984 -
157 1949 239 1996 Omnis
251 1952 396 1997 conversatio
413 1956 448 1996 est
458 1950 595 2010 periculosa.
608 1950 658 1994 Non
676 1948 750 1994 solum
769 1948 817 1994 fer-

56 2026 243 2084 voremspiritus
258 2027 379 2084 extinguit,
393 2026 433 2071 sed
450 2024 529 2070 multis
546 2025 617 2070 etiam
636 2023 737 2083 lapsibus
748 2037 818 2069 occa-

57 2098 145 2144 sionem
158 2100 255 2158 praebet.
268 2100 334 2146 Unde
346 2099 424 2144 Jacohi
436 2099 521 2144 dicitur
536 2098 576 2144 :Si
592 2097 641 2157 qais
654 2098 680 2142 io
694 2098 760 2142 'uerbo
772 2111 816 2142 riou

57 2174 155 2233 offerruit,
167 2175 201 2221 bic
211 2174 326 2235 perfectas
338 2175 415 2223 estoit*
427 2174 465 2235 (l).
478 2174 507 2220 Et
520 2175 556 2220 uir
569 2173 620 2234 pius
631 2172 723 2220 dicebat
738 2188 742 2219 :
757 2172 816 2228 Qan-

58 2250 98 2295 ties
117 2251 178 2297 inter
194 2251 295 2298 homiues
314 2250 527 2312 fetulentiae
549 2250 617 2297 redii.
641 2250 700 2296 Hinc
721 2253 817 2309 praestat

57 2320 257 2375 conversationem
266 2328 351 2387 lugere,
363 2342 432 2389 quarn
443 2337 561 2388 appetere,

87 2403 116 2447 ΙΙ.
128 2429 155 2437 -
168 2404 253 2455 Verum
272 2418 324 2449 curn
342 2405 394 2450 finis
411 2403 541 2451 vocationis
560 2407 647 2448 nostrae
669 2402 770 2462 postulet
793 2407 817 2445 nt

58 2490 110 2522 curn
120 2478 252 2526 horninibus
263 2493 432 2536 conversemur,
448 2479 577 2525 cavendum
586 2483 611 2522 nt
620 2477 748 2524 domestica
760 2490 817 2523 con-

78 2612 105 2657 (li
117 2611 133 2646 11
141 2611 221 2648 Corinth.
230 2622 246 2648 r.
471 2610 498 2655 (3)
506 2610 565 2645 Hebr.
573 2619 608 2645 111.

80 2657 107 2703 (a)
117 2656 167 2693 Ihid.
176 2667 209 2694 vn.
473 2656 498 2703 (t)
507 2655 572 2692 Jacob.
582 2664 612 2692 1u.
