1715 2908
190 185 294 220 434444
311 184 481 230 4343333333
507 185 615 222 nunnius
735 168 784 219 255

52 283 78 326 3⁰
93 280 166 327 Houor
168 281 206 327 44
199 288 235 327 trs
254 288 284 328 434
302 283 385 330 Ρ444443
402 282 465 329 verbi
481 284 538 342 quod
557 284 676 330 4444444444
679 281 783 329 t'ttJess:

21 355 159 415 Prttsquuru
167 357 228 417 9444
214 363 326 403 34443344
296 358 411 413 44444434
401 364 445 413 434,
457 359 591 419 4444494443
601 360 640 418 [4).

51 432 119 477 tout
111 437 168 490 4494
170 446 228 477 43343
240 431 313 490 43433
322 433 521 493 concinnantia).
532 433 604 493 cepti
615 434 669 520 44444
680 434 719 501 43),
730 430 786 493 quia

23 506 88 559 flevit
79 511 170 552 ttcunc
171 508 191 552 is
161 507 327 560 tdiebus't
292 515 327 554 444
329 522 349 555 ae
361 522 417 554 suae.

50 582 91 627 Pet
82 588 131 626 trus
149 587 197 628 3434
187 582 256 629 tima
273 581 338 643 lapsu
355 582 472 642 gallicinio
489 583 593 629 admonit
584 587 629 639 tus,
644 589 668 629 et
688 587 785 642 aspectu
802 621 805 624 ,

22 656 113 708 Domini
124 665 208 711 motus,
217 662 240 703 34
254 658 390 705 4333443433
400 658 465 705 verbi
479 660 537 718 ejus,
551 672 658 717 egressus
667 663 702 703 est
712 657 784 712 foras,

20 732 136 777 funestam
147 732 294 786 occasionem
304 733 401 792 fugiens,
411 744 434 778 34
441 732 570 792 poeniteudi
582 733 658 798 locum
667 742 784 793 quaerens.

21 807 50 851 Et
60 806 132 864 coepit
152 806 217 862 llere,
231 813 254 852 34
274 806 439 863 4134334343,
458 813 481 854 34
497 808 563 854 413444
580 808 694 867 quotidie,
710 808 745 854 ita
761 812 788 853 44

23 879 133 940 lacrymae
143 888 283 928 excavarent
294 894 365 940 genas
378 883 436 940 ejus.

52 954 206 1014 colloquium.
218 958 271 1002 Pete
287 957 385 1002 similem
404 956 566 1015 poenitentiam
578 970 584 1000 ι
598 955 638 1016 qui
653 961 748 1003 secutus
761 969 786 1002 33

24 1036 147 1084 errantem,
158 1043 255 1091 sequere
263 1032 425 1091 poenitentem.

53 1105 154 1164 Legatur
169 1107 247 1152 Passio
266 1106 350 1152 Christi
365 1120 393 1151 ex
409 1106 554 1165 Evangeliis3
569 1113 592 1153 34
613 1106 793 1153 continuabitur
837 1091 840 1101 ¹

25 1194 53 1226 ex
67 1180 178 1233 Gaudier.
192 1182 225 1227 Eu
249 1182 382 1229 Imitatione
402 1182 496 1238 Christi,
516 1182 556 1229 lib.
579 1183 618 1239 444,
638 1195 657 1228 3.
679 1195 704 1239 x,
716 1182 786 1243 quod,

25 1262 103 1316 spreto
118 1258 212 1316 mundo,
226 1257 293 1304 dulce
304 1265 340 1304 334
349 1257 501 1305 seruireDeo.

248 1429 325 1476 XXV.
344 1429 569 1475 cousrouttnrto.

28 1527 60 1574 Dc
69 1526 103 1587 4444
80 1533 133 1573 44443
126 1528 165 1574 4443
165 1527 223 1574 44443
234 1529 306 1574 343443
317 1543 371 1589 4493
379 1529 496 1597 9443444433
509 1545 522 1575 4
532 1530 628 1576 Societut
594 1535 640 1575 444
651 1542 780 1574 4444344443
745 1527 788 1577 4443.

57 1628 114 1671 Tres
137 1625 182 1672 salt
174 1632 221 1672 4344
243 1627 382 1672 considerat
366 1633 440 1672 tiones
459 1628 509 1673 fieri
526 1632 661 1687 93334343
649 1625 787 1679 et,debent

28 1702 120 1746 omissis
133 1701 193 1757 aliis,
206 1702 234 1746 de
252 1715 295 1747 con
297 1701 435 1747 fossionibus
448 1702 577 1761 audiendis,
592 1702 621 1747 de
638 1699 789 1746 concionibus
821 1736 823 1739 ,

30 1775 149 1832 habendis,
168 1776 196 1821 de
218 1776 366 1822 missionibus
385 1776 504 1833 obeundis,
523 1776 678 1836 percurrendo
698 1773 789 1833 regulas

28 1864 70 1910 pro
83 1850 179 1909 singulis
191 1851 215 1896 in
225 1851 309 1897 Codice
321 1851 478 1911 praescriptas,
491 1865 544 1912 quae
556 1853 595 1897 443
607 1851 734 1911 quidquam
747 1849 788 1894 de·

30 1925 127 1972 siderari
139 1927 226 1971 sinunt.

60 2004 85 2045 4Ο
96 2003 139 2047 Pro
149 2001 333 2047 confessionibus
343 2001 464 2046 audiendis
474 2001 580 2059 legantur
593 2007 615 2045 et
629 1999 790 2059 expandantur

30 2090 57 2121 eu
70 2076 156 2136 regulis
174 2077 330 2132 sacerdotum,
345 2075 374 2123 ab
386 2082 470 2123 334343
482 2077 511 2122 ad
521 2075 659 2134 vigesimam
672 2080 788 2128 octavam,

16 2155 17 2158 ’
30 2153 134 2213 adeoque
146 2153 237 2211 uiginti,
251 2167 331 2200 omnes
343 2153 427 2200 adhoc
439 2166 531 2198 sacrum
545 2152 701 2198 ministerium
716 2152 792 2211 perti-

31 2234 118 2287 nentes,
133 2242 186 2289 quae
204 2231 281 2274 omnia
305 2229 353 2274 fere
375 2218 492 2288 attingunt
509 2228 540 2273 ‘ad
559 2227 615 2273 illud
636 2240 689 2273 3444
713 2226 791 2274 fructu
807 2269 816 2285 Ι,

32 2304 185 2350 exercendum
198 2304 360 2351 conducentia.

61 2384 86 2429 40
99 2381 142 2427 Pru
155 2381 304 2427 concionibus
321 2379 435 2426 hahentur
447 2377 535 2439 regulae
551 2379 742 2425 concionatorum
755 2378 793 2426 44-

32 2456 89 2514 94444
106 2463 214 2517 quatuor,
234 2469 287 2517 quae
305 2468 395 2503 summa
415 2468 468 2501 cum
487 2455 603 2502 brevitate
622 2461 646 2501 et
669 2455 794 2515 prudentia

33 2532 184 2590 praescribunt
197 2532 283 2580 334343
295 2534 372 2579 omnia
382 2544 435 2591 quae
448 2531 545 2579 eximios
556 2531 733 2579 concionatores
744 2530 794 2578 for-

55 2683 80 2728 (4)
75 2682 147 2726 ),Μ343
155 2692 193 2720 xiv.
282 2675 283 2678 ’
447 2680 540 2727 (3444343.
550 2690 589 2719 xri.

57 2726 82 2778 44)
91 2729 136 2767 Luc.
142 2737 197 2766 444444,
