1715 2908
232 182 358 217 sueonum
376 183 543 219 nnuoonnofn
561 184 644 219 nouus
765 168 810 217 191

82 279 202 318 Proetoottom
211 282 239 319 ΙΙ.
247 301 274 309 -
282 281 329 321 Pete
339 292 398 321 nosse
407 286 427 322 et
437 282 519 321 haurire
529 282 553 321 ab
563 283 606 333 ipso
623 280 715 331 spiritum
727 279 813 318 austeri·

54 330 101 369 tatis
114 333 236 382 apostolicae.

84 422 200 470 Pomorum
210 424 227 468 1.
236 449 263 457 -
277 423 381 470 Christus
392 424 553 472 austeritatem
561 426 616 471 ritae
625 421 743 483 Apostolis
752 421 813 467 mul-

55 496 165 556 tipliciter
178 500 357 545 commendavit.
801 531 802 534 η

83 571 102 616 Ι,
113 571 198 618 Verbo.
216 575 238 617 l⁰
250 572 274 619 st
291 574 340 634 quis
359 575 407 622 uult
418 573 496 620 uentre
505 580 556 635 post
569 587 610 629 rue,
625 573 716 633 utuopet
732 576 814 617 semet-

54 646 137 707 ipsum,
145 647 210 694 tollat
222 662 308 695 crucam
318 663 382 695 suunt
392 649 490 711 quotidie
501 648 590 708 (Mlti
600 664 644 695 ooo
655 648 703 695 oolt‘t
715 646 815 693 unimam

54 736 127 776 attunt,
146 737 191 769 uon
202 729 275 783 potest
291 738 353 770 meus
368 739 412 771 esse
431 725 553 785 discipulus
565 726 603 784 lt).
619 728 642 772 20
659 725 771 771 Hortatur
785 721 813 769 ad

53 810 118 843 arma
132 797 269 857 spiritualia,
281 799 380 858 vigilias,
395 800 519 855 orationes,
529 800 618 860 jejunia
638 804 719 845 contra
730 796 813 844 diabo-

50 871 102 916 lum
120 872 274 931 suscipienda.
289 876 312 918 3⁰
321 875 389 919 labet
400 874 434 920 ire
448 887 520 934 prope
535 874 617 932 nudos,
626 878 657 929 et,
669 873 733 919 tenui
748 872 813 920 victu

55 945 99 991 sibi
112 945 197 1002 oblato,
210 952 330 993 contentos
340 962 398 994 esse.

84 1021 112 1066 II.
126 1021 206 1067 Facto.
219 1022 278 1068 Nam
290 1023 313 1067 in
326 1022 448 1082 Apostolos
461 1022 531 1082 elegit
542 1022 654 1078 homines,
667 1033 713 1067 non
724 1020 814 1067 delica-

55 1101 100 1149 toS,
113 1108 157 1141 non
170 1089 217 1143 otio
228 1105 251 1143 et
261 1097 389 1143 commodis
401 1092 557 1155 deditos3'sed
571 1096 686 1142 laboribus
698 1099 811 1150 assuetos,

55 1169 124 1227 farne,
138 1171 183 1226 siti,
203 1171 296 1229 frigore,
315 1172 373 1217 dura
385 1171 461 1217 carnis
481 1173 622 1218 tractatione
643 1171 765 1224 exercitos,
778 1169 813 1213 vel

55 1249 128 1300 certo,
142 1249 168 1289 ut
178 1243 237 1291 tales
248 1253 332 1301 essent,
344 1246 409 1302 dure,
420 1260 497 1307 parce,
513 1247 614 1292 tenuiter
624 1245 732 1299 vivendo,
744 1250 768 1290 et
778 1244 814 1289 la-

55 1318 150 1364 boribus
161 1319 309 1365 exercendos.

85 1393 123 1438 ΙΙΙ.
137 1393 244 1439 Ratione.
260 1395 319 1439 Nam
332 1406 415 1439 munus
428 1395 579 1453 apostolicum
593 1398 713 1454 comparat
725 1393 814 1439 artibus

55 1468 154 1514 maxime
164 1467 291 1524 laboriosis,
305 1470 454 1529 piscatorum,
467 1477 594 1530 pastorum,
609 1468 771 1528 agricolarum,
784 1466 814 1512 vi-

55 1545 165 1589 nitorum.
176 1544 205 1589 Et
218 1558 272 1590 vero
285 1545 324 1591 vix
336 1545 381 1591 alia
392 1546 448 1592 vitae
461 1545 520 1592 ratio
533 1553 576 1601 est,
588 1558 640 1605 quae
658 1545 760 1604 majores
776 1558 814 1589 re-

56 1620 134 1680 quirat
144 1619 242 1676 labores,
251 1621 326 1666 minus
333 1620 435 1678 patiatur
446 1621 522 1667 carnis
535 1621 637 1671 delicias.
646 1620 812 1666 austeritatem

42 1708 110 1754 ,ergo
128 1695 227 1755 requirit
238 1695 326 1741 ratione
339 1695 415 1747 officii,
428 1697 516 1742 ratione
529 1696 691 1743 aedificationis
705 1695 810 1756 proximi,

56 1776 80 1817 et
88 1771 177 1816 ratione
190 1770 241 1815 finis
254 1771 345 1828 intenti,
357 1784 440 1831 nempe
450 1771 608 1818 conversionis
620 1772 758 1816 animarum.

85 1846 201 1893 Pomorum
213 1846 242 1891 ll.
252 1871 283 1880 -
294 1845 405 1906 Exemplo
418 1858 458 1892 suo
471 1860 511 1893 eos
530 1846 560 1894 ad
570 1846 634 1892 illam
648 1846 728 1892 allexit
741 1851 764 1892 et
775 1851 814 1892 at-

56 1920 135 1966 traxit.

86 1998 109 2040 l⁰
122 1996 179 2042 Tota
195 1998 251 2051 vita,
265 1996 365 2042 maxime
379 1995 478 2055 publica,
493 2008 580 2056 pauper
592 1995 644 2050 fuit,
657 1995 680 2040 in
695 1994 813 2041 laboribus

56 2070 178 2127 continuis,
192 2071 255 2116 tenui
271 2076 294 2116 et
313 2069 381 2116 facile
399 2069 496 2130 parabili
512 2069 571 2125 cibo,
588 2068 668 2129 procul
688 2082 702 2115 a
724 2068 815 2117 deliciis

56 2145 122 2198 vixit.
653 2183 655 2186 ,
846 2148 848 2152 ·

86 2224 108 2264 ⁶2⁰
118 2219 238 2266 Galilaeam
251 2233 278 2267 ao
290 2219 402 2274 audeam,
414 2218 484 2279 pedes
494 2231 628 2279 peragrans
640 2222 689 2265 lota
700 2218 738 2265 die
750 2219 815 2266 dooe-

55 2291 104 2344 bat,
117 2298 196 2341 noctes
208 2296 325 2340 insomnes
334 2293 358 2340 in
367 2293 471 2340 oratioue
483 2293 590 2349 ducebat,
602 2305 664 2353 saepe
675 2292 753 2353 plures
765 2293 815 2340 dies

55 2368 105 2414 sine
116 2367 167 2414 cibo
180 2374 295 2428 perstans.

86 2446 108 2489 3⁰
118 2443 195 2490 Unum
205 2445 293 2491 facturn
307 2443 416 2506 expende.
427 2444 499 2499 Jesua,
508 2442 620 2503 futiputus
632 2457 660 2490 aar
677 2443 768 2498 itinera,
778 2458 813 2490 se-

57 2517 119 2563 dabat
132 2532 203 2577 supro
213 2520 305 2578 sontem,
317 2521 373 2566 horo
385 2533 449 2579 qttost
461 2524 524 2565 scorto
534 2519 569 2579 (3),
581 2519 605 2564 id
618 2526 661 2576 est,
677 2521 811 2571 meridiana,

81 2645 98 2689 (l
118 2644 154 2680 Luc
173 2656 199 2682 rr,
469 2645 558 2693 (3lloan.
568 2638 596 2684 rr·

82 2690 100 2735 (ἢ
117 2689 161 2728 Luc.
169 2697 208 2727 rur.
