1715 2908
69 163 120 214 tto
357 180 413 216 ores
434 181 544 217 necinus

70 274 170 321 mortali.
183 275 239 320 Dico
252 273 346 330 violari,
359 275 451 336 qnando
462 276 551 323 scilicet
561 276 655 336 obligat,
668 290 710 321 neo
721 289 832 336 compen·

71 357 135 394 satur
148 347 228 407 maJ'ori
240 347 309 393 hono.

101 427 126 469 20
137 425 185 467 Hoc
195 428 272 467 aulem
283 430 405 481 peccatum
417 424 473 469 oriri
491 431 567 484 potest
585 439 614 470 ex
633 424 716 483 triplici
734 425 810 483 capite
824 437 829 468 :

71 511 151 556 nempe
168 496 204 558 vel
221 510 250 542 ex
271 496 376 553 materia,
390 496 427 544 vel
446 512 473 543 ex
492 499 614 559 principio,
634 498 668 543 vel
689 512 717 542 ex
737 499 829 544 affeetu.

71 575 96 616 l0
109 573 140 616 Er
151 571 258 626 materia,
271 576 296 616 ut
308 572 404 630 Regulae
422 584 475 631 quae
496 579 550 618 sunt
562 574 624 619 circa
643 579 705 626 vota,
719 579 758 617 aut
776 586 831 632 pro-

70 647 191 691 missiones
206 646 325 706 speciales,
341 653 381 691 aut
392 653 446 693 sunt
462 648 485 691 in
503 648 601 693 materia
620 646 717 706 alieuius
728 649 828 702 virtutis,

70 728 223 780 spectantque
234 721 262 765 ad
275 721 476 781 praeceptadivina
482 722 542 779 juris
551 722 663 767 naturalis
674 727 714 766 aut
727 722 829 781 positivi.

71 800 96 842 20
106 795 139 839 Ex
152 795 265 853 principio
277 795 368 852 agendi,
384 800 416 848 ut,
429 796 447 839 si
469 795 583 840 violentur
597 809 624 840 ex
643 796 792 853 negligentia,
804 810 832 841 ex

70 869 170 914 humano
187 877 300 928 respectu,
314 883 342 913 ex
361 868 437 928 aliqua
459 869 572 927 passione,
585 869 621 914 vel
640 883 667 914 ex
689 875 829 929 contemptu,

71 945 109 1003 qui
132 945 212 1002 utique
234 942 324 988 lethalis
345 950 387 996 est,
407 943 426 987 si
448 948 609 988 contemnatur
627 944 677 1003 ipsa
696 945 829 1000 auctoritas,

68 1020 136 1077 juxta
148 1017 202 1062 illud
218 1034 222 1061 :
235 1017 280 1070 Qut
290 1031 326 1061 vos
338 1016 435 1074 spernit,
447 1016 534 1076 speruit
547 1031 596 1062 eom
614 1017 652 1076 qni
663 1017 732 1062 arisit
743 1032 779 1077 ulo
793 1020 830 1077 (l).

72 1095 97 1137 30
108 1092 141 1136 Ex
154 1091 272 1137 effectibus
283 1090 336 1135 inde
348 1091 470 1144 secuturis,
485 1097 518 1146 nt,
533 1092 552 1135 si
563 1099 674 1151 sequatur
687 1091 830 1148 scandalum,

72 1170 149 1227 gravis
162 1167 308 1224 inordinatio,
326 1166 452 1212 destructio
464 1166 600 1225 disciplinae,
612 1167 732 1212 dissolutio
744 1174 767 1212 et
782 1168 832 1213 dis-

71 1244 156 1302 sipatio
168 1241 245 1293 animi,
257 1247 279 1286 et
292 1240 337 1285 alia
350 1241 472 1300 eiusmodi.

102 1318 151 1362 Hoc
166 1316 248 1362 saltem
264 1328 343 1360 verum
357 1321 399 1370 est,
420 1316 439 1361 si
459 1315 575 1361 violentur
592 1316 741 1362 habitualiter
761 1322 784 1362 et
804 1330 832 1362 ex

71 1393 202 1453 proposito,
213 1391 253 1436 uix
263 1390 324 1435 enirn
336 1397 391 1436 tune
404 1389 469 1435 abest
480 1395 635 1451 contemptus.
676 1377 678 1381 Α

103 1471 127 1512 30
139 1468 168 1512 El
180 1466 230 1512 haee
241 1466 350 1525 obligatio
364 1470 399 1510 est
410 1465 523 1524 generalis
537 1465 613 1526 quoad
630 1466 730 1525 Regulas
742 1480 830 1526 omnes,

72 1556 125 1603 quae
138 1555 208 1587 unum
218 1542 371 1601 eumdemque
381 1539 467 1586 hahent
478 1546 596 1586 auctorem
609 1555 614 1585 ι
629 1541 740 1602 etquoad
751 1556 832 1602 perso-

71 1633 114 1675 nas¹
127 1630 213 1671 ornnes
228 1618 298 1662 etiam
310 1616 420 1671 seniores,
435 1628 531 1676 quorum
546 1617 620 1676 major
631 1628 680 1662 esse
694 1616 762 1663 debet
772 1617 832 1664 fide-

72 1694 134 1750 litas,
148 1698 172 1738 et
182 1706 280 1752 quorum
290 1692 394 1749 exempla
406 1697 503 1751 prosunt
511 1697 551 1739 aut
561 1700 644 1738 nocent
652 1692 785 1751 plurimum.

103 1769 239 1815 Observatio
252 1772 331 1813 antem
343 1766 434 1812 illarum
450 1771 475 1812 ut
495 1768 525 1814 sit
537 1765 647 1826 perfecta,
662 1768 687 1811 l0
701 1767 769 1813 dehet
781 1782 831 1815 esse

71 1859 116 1890 non
128 1859 156 1888 ex
167 1844 256 1898 tirnore,
269 1841 310 1887 sed
321 1856 348 1886 ex
361 1854 454 1886 amore:
469 1845 494 1888 20
507 1841 562 1887 oriri
574 1841 643 1887 dehet
655 1855 684 1887 ex
694 1855 748 1887 vcro
760 1845 831 1889 totius

72 1919 220 1981 perfectionis
243 1917 369 1973 desiderio;
386 1920 411 1962 3ο
434 1916 502 1976 dirigi
523 1917 551 1962 ad
569 1915 700 1976 exemplum
722 1918 829 1964 Christi:

72 1998 97 2040 40
110 2009 137 2040 ex
150 1995 253 2054 perfecta
265 1992 425 2037 obedientia...

102 2071 166 2129 Cogit
159 2077 181 2115 ta
193 2082 245 2129 quae
256 2066 383 2114 consolatio
395 2066 512 2124 morienti,
526 2066 546 2111 si
558 2066 635 2111 dicere
647 2066 720 2125 possit
735 2068 829 2126 :Regu-

72 2146 106 2191 las
96 2146 247 2202 eestinravi,
260 2144 344 2196 amavi,
357 2147 452 2188 accurat
454 2141 579 2198 eservavi;
591 2141 719 2197 Donrine,f
718 2144 752 2187 eci
769 2143 829 2234 qtipd

70 2221 140 2279 iussis
142 2222 167 2271 ti,
142 2220 251 2265 redde
262 2218 323 2278 quod
336 2222 449 2276 promis

95 2385 119 2429 (l)
129 2386 171 2419 Luc.
181 2394 198 2419 x.
