1715 2908
31 152 81 200 228
228 165 284 198 ems
302 148 439 198 vtcdstuus
465 161 595 195 sucunuus
700 177 701 180 κ

32 262 109 322 plures
128 261 203 307 eidam
221 260 315 318 negotio
338 258 474 311 allaborant,
496 257 581 302 debent
600 255 682 308 eadem
706 261 791 308 mente,

34 337 116 382 eodem
127 334 230 390 consilio,
244 334 326 379 eadem
337 335 373 379 via
386 332 414 378 ad
424 331 486 376 idem
500 331 610 376 tendere:
623 330 727 388 adeoque
740 329 794 388 qui-

34 412 90 457 libet
101 411 169 456 debet
179 409 230 454 aliis
242 422 267 454 se
278 407 462 462 accommodare,
472 405 558 466 alioqui
572 404 615 449 erit
628 405 699 449 turris
711 403 793 459 Bahal,

34 494 125 544 etopus
138 475 183 530 neo
192 471 292 544 placebit
302 485 358 537 Deo,
372 495 414 527 nec
426 482 543 541 proximos
559 478 693 526 aeditieabit.
705 478 740 523 Ad
752 478 796 522 hoc

35 559 164 618 expediunt
172 571 214 618 pro
224 558 285 603 bono
297 558 362 618 pacis
375 556 444 607 etiam
456 555 558 600 seniores
571 555 687 599 interdum
696 553 796 611 juniori-

35 635 78 681 bus
90 634 182 686 cedant‚
195 639 218 678 et
228 633 395 692 uuusquisque,
407 632 442 675 sui
456 631 584 686 immemor,
597 628 657 689 quod
670 628 744 687 magis
757 641 797 672 ar-

35 711 107 755 duum
125 717 169 764 est,
184 722 225 769 pro
244 723 269 754 se
286 714 368 767 sponte
385 707 514 766 suscipiat:
529 712 587 761 esto,
602 705 720 764 negotium
738 704 798 749 forte

36 785 113 830 minus
131 792 194 830 recte
208 784 327 843 procedat,
341 783 396 828 dum
413 786 518 827 seruetur
536 780 645 826 charitas.
664 779 798 825 Cavendum

38 869 115 906 tamen
139 874 167 905 no
188 859 299 906 diuturna
320 858 425 918 ejusdem
444 856 513 903 officii
533 858 633 903 societas
653 856 799 902 inordinatas

37 936 171 983 affectiones
180 934 240 978 inter
250 944 361 992 personas
369 931 453 990 pariat,
460 939 486 979 ut
495 932 532 978 vel
541 933 644 992 separari
655 931 798 987 abinvicem,

39 1008 74 1052 vel
87 1008 138 1053 aliis
152 1008 262 1053 associari
272 1007 353 1053 nolint.

68 1083 107 1128 Ill.
122 1109 149 1116 —
161 1084 286 1129 Successus
297 1088 320 1128 et
333 1083 488 1128 remuneratio
501 1082 579 1128 officii.

69 1160 94 1202 l⁰
106 1158 129 1204 Si
145 1157 245 1203 officium
264 1157 304 1203 tibi
320 1171 430 1217 prospere
448 1158 561 1214 succedit,
573 1170 629 1202 cave
642 1157 664 1202 id
682 1157 803 1204 industriae

40 1239 87 1279 tuae
109 1232 206 1286 tribuas,
224 1238 263 1278 ant
285 1233 328 1277 tibi
347 1247 405 1277 vane
428 1232 580 1291 complaceas,
594 1233 635 1278 sed
659 1240 733 1278 totum
754 1230 810 1278 Deo

41 1308 117 1352 tribue
129 1323 134 1352 :
151 1307 210 1360 Quat
226 1307 285 1352 crtt'm
299 1307 372 1361 bobes,
384 1307 443 1366 quod
457 1321 502 1352 rtott
512 1307 615 1366 accepisti
626 1307 673 1366 (tlt
685 1311 710 1354 2⁰
723 1307 747 1354 sl
758 1308 804 1351 mi-

42 1396 84 1427 nus
105 1382 217 1436 succedit,
230 1396 258 1426 nc
279 1381 423 1440 despondeas
446 1382 556 1434 animum,
568 1382 607 1426 sed
621 1381 749 1427 humilieris
764 1382 803 1427 sub

41 1456 128 1514 potenti
141 1469 211 1500 acuatu
226 1455 271 1500 Det
283 1456 320 1513 (2),
334 1455 374 1514 qui
394 1460 417 1500 te
430 1460 505 1500 tentat
523 1461 546 1500 et
562 1455 652 1514 probat.
668 1458 693 1499 3⁰
705 1456 728 1501 Si
739 1469 804 1501 com-

41 1544 109 1589 pares
123 1538 144 1575 te
158 1544 210 1575 cum
223 1530 259 1575 his
271 1529 356 1588 quibus
372 1529 454 1574 melius
470 1529 583 1583 succedit,
594 1543 622 1573 ne
638 1529 750 1585 invideas,
764 1530 805 1574 sed

43 1604 174 1649 humiliare.
186 1606 212 1648 40
223 1603 246 1649 Si
259 1617 312 1648 cum
324 1603 353 1648 iis
365 1603 448 1661 quibus
462 1603 538 1647 minus
551 1602 620 1657 bene,
632 1609 688 1648 tunc
704 1605 805 1648 animum

42 1680 112 1737 erige.
133 1680 159 1721 50
180 1677 223 1737 Ubi
243 1685 337 1723 strenue
353 1677 503 1732 laboraveris,
525 1691 658 1723 successum
676 1679 725 1723 Deo
741 1692 806 1724 eoru-
849 1721 851 1725 ,

43 1754 117 1807 mitte,
133 1765 212 1797 curam
229 1752 337 1811 exigeris,
354 1765 400 1796 non
419 1752 575 1807 curationem,
588 1758 612 1796 et
625 1741 689 1798 'sicut
706 1752 806 1798 officium

42 1841 71 1870 ox
87 1826 220 1871 obedientia
239 1827 369 1885 suscepisti,
384 1827 417 1871 ita
429 1826 486 1871 illud
499 1841 528 1872 ex
539 1826 672 1872 obedientia
689 1828 739 1887 pari
754 1840 808 1873 cum

44 1900 200 1946 indifferentia
212 1900 312 1946 dimitte.

73 1976 141 2021 Nulla
154 1976 182 2022 ab
195 1975 325 2039 bominibus
336 1989 426 2022 merces
444 1981 484 2022 aut
502 1977 579 2036 gratia
590 1977 747 2035 exspectanda
759 1983 806 2032 est,

45 2065 98 2096 nam
109 2053 134 2096 l0
145 2051 285 2097 Beneficium
298 2065 420 2097 commune
439 2051 467 2098 ab
482 2052 587 2097 omnibus
601 2053 723 2111 accipitur,
736 2065 750 2097 a
766 2066 807 2097 ne-

45 2128 105 2171 mine
119 2127 223 2171 redditur
238 2141 243 2169 ι
258 2126 299 2171 sed
317 2126 354 2171 hic
372 2125 434 2172 nulla
456 2125 484 2172 ab
497 2126 553 2186 ipsis
567 2125 672 2180 debetur,
688 2133 736 2172 tum
754 2126 808 2186 quia

46 2215 90 2245 non
103 2201 166 2260 ipsis,
179 2200 220 2246 sed
234 2202 281 2246 Deo
298 2200 424 2262 senuimus3
438 2209 487 2246 tum
503 2202 558 2260 quia
570 2201 614 2261 ipsi
627 2201 694 2247 nobis
707 2202 810 2247 vicissim

46 2277 68 2320 in
80 2275 131 2320 aliis
142 2275 223 2321 officiis
234 2275 347 2321 serviunt.
361 2280 386 2324 20
397 2280 417 2322 A
430 2277 478 2322 Deo
489 2276 512 2321 in
524 2277 596 2322 altera
607 2278 656 2323 uita
669 2277 714 2321 erit
728 2289 810 2322 coerces

46 2358 134 2406 nostra,
145 2365 227 2410 mooun
245 2352 313 2396 utatis
332 2352 368 2410 (3),
382 2366 473 2411 nempe,
487 2353 550 2398 Dens
567 2353 624 2412 ipse.
637 2356 663 2400 20
685 2352 761 2406 Absit,
785 2357 810 2395 ut
846 2400 848 2405 ,

47 2427 150 2485 aliquam
163 2427 293 2472 mercedem
306 2427 465 2473 transitoriam
475 2429 542 2472 uobis
554 2428 578 2472 in
591 2427 700 2487 praesenti
713 2427 808 2481 tribuat,

48 2515 102 2562 quae
111 2500 215 2547 futuram
227 2502 254 2546 in·
263 2502 394 2548 aternitate
405 2503 504 2548 minuat.

72 2623 116 2664 tlll
126 2622 208 2660 Corinth.
218 2633 243 2660 ιν.
466 2623 494 2669 (3)
502 2622 569 2659 Genus.
581 2633 612 2659 xv.

72 2667 175 2714 (2)1Pctr.
184 2679 201 2705 v.
612 2689 613 2692 =
