1715 2908
184 106 310 164 succuum
328 130 495 164 rusucurium
525 131 640 169 cursurus
744 115 793 163 147

33 235 61 269 nu
70 222 173 270 studium
185 226 256 271 verbo
269 233 292 271 et
304 228 417 288 exemplo,
428 240 455 272 ac
473 226 522 271 fuso
534 228 604 273 etiam
621 225 741 284 sauguine,
755 227 793 271 in-

33 309 143 355 generare
156 302 233 346 cenati
246 307 308 347 sunt.

63 377 89 418 60
99 374 157 419 Vide
167 376 238 421 etium
255 389 300 435 quo
316 390 425 423 successu
439 376 464 422 id
478 376 574 435 egerint,
587 380 701 438 quantum
714 390 793 422 eorum

34 447 81 493 vite
92 455 115 493 et
127 449 263 508 praedicatio
280 451 408 498 detraxerit·
425 451 575 499 estimationi
595 459 618 498 et
636 450 713 498 studio
725 464 794 512 opum

35 529 57 570 et
71 522 168 570 aliorum
179 538 232 587 qriae
248 526 347 574 mundus
360 535 422 576 umet
441 535 464 575 et
475 527 634 590 amplectitur3
647 535 704 591 quot
714 541 794 574 eoruur

34 600 141 660 exemplo
152 615 277 663 pauperem
288 611 312 650 et
322 604 431 650 humilem
438 605 522 662 ultum,
530 605 667 666 contemptis
678 605 792 659 omnibus,

35 677 134 737 amplexi
145 678 202 736 sint;
213 680 313 740 denique
324 693 393 740 quarn
403 681 470 727 multi
480 682 578 727 desertis
590 681 689 727 Luciferi
698 682 792 736 castris,

35 753 78 798 sub
96 752 180 799 vexillo
196 752 282 799 dhristi
300 756 434 802 meruerint.
448 755 530 802 Gaude
547 762 570 801 et
585 756 703 815 gratulare
717 756 761 801 tibi
772 761 795 800 et

36 826 87 874 aliis
99 827 161 888 quod
173 842 214 889 per
226 829 296 888 ipsos,
312 842 439 888 eorumque
450 843 597 877 successores
608 831 637 877 ad
650 830 796 876 salutiferum

36 900 122 950 Christi
132 901 241 948 vexillum
252 909 341 951 tractus
352 906 391 960 sis,
406 912 429 952 et
440 906 507 950 stude
519 906 569 965 ipse
580 912 674 950 strenue
685 913 796 951 consten-

36 980 118 1037 lerque
130 976 230 1024 militare
244 993 250 1023 :
264 979 293 1025 ad
305 980 366 1038 quud
377 979 471 1026 serviet.

66 1055 182 1100 Pomorum
191 1053 230 1098 Ill.
243 1077 271 1088 -—
280 1053 422 1099 Deliberatio
433 1053 623 1113 adsequendum.
636 1055 699 1098 Inter
711 1056 797 1098 utrum-

37 1127 199 1189 quevexillum
212 1133 235 1173 et
246 1127 328 1173 ducern
341 1128 438 1182 medius,
453 1128 520 1188 quasi
531 1128 555 1173 in
571 1128 633 1173 bivio
645 1128 795 1185 constitutus,

37 1203 77 1249 uni
91 1203 219 1260 adnuerem,
234 1201 302 1249 alteri
314 1202 444 1250 adverseris
464 1216 557 1250 necesse
578 1210 621 1249 est.
634 1203 716 1264 Neque
736 1204 798 1249 enim

37 1284 103 1342 potes
119 1286 244 1341 utrumque
260 1280 327 1342 sequi
347 1295 352 1325 :
368 1291 421 1327 cum
438 1293 501 1326 uerno
514 1280 585 1341 possit
600 1279 684 1327 duodus
701 1278 798 1326 demittis

37 1358 123 1405 seruire
141 1357 177 1419 (l),
197 1370 273 1418 neque
291 1361 407 1418 neutrum,
421 1365 447 1403 ut
466 1358 531 1417 criasi
552 1358 687 1403 indifferens
703 1367 798 1403 maneas

38 1431 98 1479 inter
108 1446 156 1490 eos,
168 1431 260 1480 dicente
276 1431 367 1479 Christo
381 1446 387 1477 :
400 1432 445 1486 Qui
461 1445 506 1478 unit
522 1439 554 1480 est
564 1446 657 1486 moritui,
669 1439 748 1479 contro
765 1446 799 1478 rue

38 1514 70 1554 est
84 1509 125 1567 (2);
139 1514 230 1568 oportet
247 1509 319 1567 igilur
338 1515 364 1572 nt
381 1508 519 1553 alterutrum
537 1507 617 1566 eligas.
631 1507 697 1566 Elige
717 1508 797 1566 igitur,

38 1588 102 1643 optio
112 1584 154 1628 tibi
167 1583 244 1629 datur.
256 1582 321 1642 Eripe
338 1582 396 1641 quod
406 1582 493 1640 pluret;
505 1582 542 1627 coi
559 1581 702 1641 potissimum
719 1582 800 1627 adhae-

38 1671 90 1704 rere
101 1664 124 1704 et
136 1671 222 1703 seruire
234 1658 287 1703 uelis
300 1658 336 1716 (3).
349 1657 380 1702 Ut
395 1664 472 1702 autem
486 1643 611 1716 prudenter
627 1657 706 1715 eligas,
721 1656 800 1702 cousi-

39 1734 95 1781 deru
103 1734 224 1794 utriusque
235 1733 301 1779 ducis
315 1744 445 1792 personum,
456 1733 548 1789 merita,
559 1745 663 1792 scopum,
675 1733 798 1793 promissa,

36 1809 98 1868 iura.
315 1802 318 1807 ⁴
797 1801 799 1804 ⁴

70 1888 95 1931 l⁰
108 1887 229 1932 Personas,
249 1885 302 1939 Quin
318 1882 431 1930 incoeptio
453 1881 541 1930 Christi
559 1881 589 1929 ud
607 1882 698 1930 Belial?
710 1882 756 1931 litei
771 1882 800 1928 cul

39 1963 143 2009 tenebras
156 1961 201 2023 til?

70 2038 194 2087 millenia.
209 2038 268 2097 Quid
281 2050 322 2097 pro
332 2041 356 2084 te
368 2036 415 2097 egit
430 2041 453 2082 et
463 2048 545 2096 passus
558 2039 593 2083 est
609 2033 733 2083 Christus?
744 2034 801 2096 quid
818 2039 819 2043 ’

41 2127 86 2160 non
96 2111 178 2161 contro
190 2123 213 2161 te
225 2114 288 2169 fecit,
303 2120 342 2160 eut
356 2112 455 2159 tentarit
467 2109 590 2158 diabolus?
636 2142 638 2145 ι
672 2137 674 2142 f

71 2195 96 2236 30
109 2192 196 2250 Scopus
207 2190 319 2237 daernonis
332 2195 374 2243 est,
387 2194 410 2232 te
423 2188 536 2233 scelerum
547 2185 690 2246 complicem,
705 2190 729 2231 et
744 2199 802 2245 sup-

41 2265 162 2324 pliciorum
176 2271 307 2312 consortem
319 2263 422 2316 habere:
437 2262 530 2316 Christi,
544 2268 567 2307 te
585 2274 599 2307 a
611 2260 723 2319 perituris
733 2260 803 2306 bonis

43 2339 163 2400 abreptum
173 2346 197 2386 et
209 2342 352 2387 abstractum
363 2338 392 2384 ad
403 2342 653 2395 mansuraaeteruaque
663 2336 801 2396 perducere.

42 2413 101 2472 For,
113 2416 197 2477 inquit,
207 2430 253 2462 ooo
264 2414 333 2470 uenit,
345 2412 392 2460 uisi
408 2418 436 2459 ut
455 2412 559 2469 foretur,
571 2416 592 2458 et
603 2416 694 2466 mactet,
707 2416 731 2458 et
744 2422 803 2472 per-

65 2615 91 2664 lit
97 2615 200 2656 Matlhur.
334 2651 336 2655 ,
457 2612 484 2658 (3)
493 2611 529 2649 los.
538 2611 589 2663 risu.

68 2667 93 2711 (2)
104 2666 146 2701 Luc.
155 2676 181 2702 rr.
456 2656 632 2704 illudendum.
