1715 2908
217 152 343 189 sueonum
359 134 528 199 meneutam
541 157 651 209 enimus·
760 145 809 196 119

313 320 348 386 u.
365 341 536 388 nrnurrnrro.

282 438 315 483 De
330 437 459 485 Notioitote
476 438 570 486 corint.

75 537 194 574 Proelndinm
204 537 221 575 1.
232 555 259 563 -
269 534 365 574 Historia.

73 608 195 649 Proelnottom
205 611 232 649 Π.
245 631 270 637 -
280 611 346 662 Imago
358 610 431 649 stabuli
441 615 460 650 et
469 610 561 661 praesepii
572 610 735 652 Bethlehemitioi.

74 687 194 723 Pretorium
204 687 241 724 ΠΙ.
258 705 281 713 -
291 685 362 725 Petitio
373 686 449 739 gratia,
458 687 544 725 maxime
552 687 634 739 spiritus
643 689 774 740 paupertatis.

77 776 193 822 Pomorum
203 776 221 820 Ι,
235 801 262 809 -
276 776 335 833 Quid
349 776 439 823 Christo
455 782 564 823 nascente
580 779 718 837 pauperius?
730 779 808 825 nasci-

49 856 85 896 tur
103 864 131 897 ex
149 865 249 911 paupere
273 853 354 910 Matre,
372 853 467 913 pauperi
484 848 549 898 fabro
573 853 721 911 desponsata,
742 862 808 899 extra

48 927 142 973 domum
159 933 295 982 maternam,
314 928 337 973 in
358 927 450 974 insolito
468 927 547 987 populi
567 941 689 984 concursu,
706 928 746 974 oti
762 943 807 975 noo

48 1008 98 1047 erut
110 1002 142 1048 eis
152 1003 212 1048 teror
222 1003 248 1048 io
260 1002 385 1048 diversorio
397 1001 434 1061 tt).
447 1003 558 1054 Nascitur
572 1017 617 1049 non
637 1004 661 1049 iu
679 1004 754 1059 domo,
767 1006 807 1049 sed

48 1078 71 1122 in
83 1077 186 1131 stabuio;
201 1077 359 1123 reclinatorio
370 1079 492 1138 praesepi0‚
506 1077 591 1125 vilibus
604 1083 627 1124 et
641 1067 722 1125 alienis
732 1078 808 1124 invol-

47 1153 108 1198 vitur
127 1153 217 1213 pannis,
234 1152 338 1212 privatus
356 1153 492 1206 conmodis,
513 1153 597 1212 quihus
615 1153 717 1212 gaudent
736 1153 807 1199 etiam

46 1240 174 1287 pauperum
185 1227 223 1272 filii
236 1227 258 1271 in
270 1233 367 1287 paterno
378 1226 505 1286 tuguri0103
518 1227 557 1273 vix
568 1227 639 1274 habet
651 1241 678 1273 ea
691 1235 808 1287 quaesunt

47 1302 139 1347 cannino
150 1302 288 1357 necessaria,
303 1315 377 1361 eaque
389 1300 510 1347 vilissima.
523 1302 579 1349 Haec
597 1303 673 1348 omnia
692 1303 767 1348 sciens
785 1308 809 1348 et

46 1376 126 1423 volens
135 1376 212 1435 elegit,
227 1381 252 1421 ut
260 1377 310 1435 jam
323 1375 352 1422 ab
365 1380 415 1426 ortu
427 1377 477 1435 ipso
488 1379 633 1436 paupertatis
645 1377 712 1423 nohis
728 1390 808 1423 exem-

46 1451 108 1510 plum
120 1451 194 1497 daret.
206 1452 258 1496 iam
267 1451 352 1497 clamat
363 1451 476 1510 exemplo,
487 1451 549 1510 quod
561 1452 709 1514 postmodum
721 1452 807 1510 praedi-

46 1532 140 1573 caturus
152 1533 187 1572 est
201 1526 271 1572 verbo
286 1541 292 1571 :
305 1526 372 1572 Baeti
382 1539 495 1585 pauperes
500 1540 508 1581 ;
519 1540 552 1572 ooe
569 1526 629 1573 nobis
648 1526 757 1575 divititas
767 1529 806 1586 (t).

75 1601 144 1647 Disce
157 1614 170 1647 a
181 1602 244 1660 Rege
257 1595 296 1646 tuo
308 1608 331 1645 et
344 1601 454 1659 magistro
469 1606 629 1664 paupertatem
643 1615 720 1648 amare
730 1610 754 1647 et
765 1615 808 1648 co-

46 1676 101 1734 lere,
113 1676 207 1724 divitias
223 1682 378 1730 contemnere,
393 1680 416 1720 et
436 1675 582 1735 onptdttotent
597 1676 696 1723 redicem
708 1677 807 1723 omnium

45 1753 157 1798 malornm
168 1752 196 1811 (3)
207 1751 314 1797 auellere.
327 1751 414 1797 Votum
432 1743 576 1810 pau’pertatis
595 1751 699 1810 gaudeus
715 1753 806 1799 ratifica

46 1833 68 1871 et
81 1841 174 1872 renova.
198 1840 200 1842 ·
574 1819 576 1823 ’

74 1903 190 1950 Puuoruu
206 1903 235 1948 II.
254 1927 282 1935 -
302 1902 464 1961 Paupertatem
484 1900 626 1947 comitantur
646 1906 745 1960 egestas
762 1915 806 1947 an-

45 1978 135 2034 gustiae,
150 1977 314 2023 incommoda:
328 1977 378 2022 haec
396 1976 473 2021 omnia
486 1975 591 2022 Christus
608 1975 669 2021 ultro
685 1977 805 2034 amplexus

44 2059 88 2097 est.
101 2053 210 2099 Nascitur
222 2053 296 2098 hieme
308 2064 406 2105 summa,
420 2054 487 2096 nocte
500 2050 646 2110 intempesta,
661 2051 704 2095 sub
719 2050 805 2111 frigido

45 2127 110 2180 creto,
125 2129 148 2172 in
165 2129 215 2173 Ioco
235 2128 309 2174 ventis
321 2127 426 2173 omnihus
437 2126 526 2186 pervio,
540 2138 593 2171 cum
614 2125 707 2172 defectu
720 2116 805 2185 praesi-

45 2201 134 2246 diorum
155 2203 258 2247 omnium
273 2202 363 2248 tenellae
379 2201 433 2247 huic
453 2201 518 2247 aetati
538 2201 730 2252 necessariorum,
743 2211 768 2247 ut
781 2209 804 2247 te

45 2277 73 2321 ad
84 2277 134 2323 haec
145 2278 222 2323 omnia
237 2281 286 2336 jam
298 2283 354 2335 tunc
372 2274 482 2320 erudiret.
494 2277 531 2321 Au
542 2283 568 2321 tu
582 2277 632 2335 ejus
643 2276 748 2336 exemplo
759 2277 805 2322 aii-

45 2364 102 2409 quos
122 2352 267 2411 paupertatis
283 2352 378 2397 effeetus
400 2348 497 2395 libenter
513 2349 641 2410 experiris?
661 2365 723 2397 nunc
744 2352 804 2397 forte

45 2425 95 2471 illos
108 2426 143 2471 vei
155 2427 259 2472 studiose
276 2427 374 2480 devitas,
383 2424 421 2471 vel
431 2425 520 2470 invitus
533 2425 632 2486 pateris!
647 2426 691 2472 iioc
702 2440 758 2473 vero
768 2433 804 2473 est

45 2500 102 2544 velte
121 2514 172 2547 esse
191 2502 283 2547 nomine
300 2513 433 2561 pauperem,
447 2500 524 2560 reipsa
541 2500 651 2558 divitem3
664 2500 723 2547 velle
736 2501 810 2546 simui

65 2619 92 2663 (t)
101 2619 146 2656 Luc.
155 2630 177 2656 u.
458 2591 627 2665 (attinetur-1.
646 2590 649 2594 Ι

67 2664 94 2710 (2)
103 2665 148 2702 Luc.
157 2674 183 2702 un
299 2682 301 2686 ·
