1715 2908
45 116 95 168 272
248 131 304 169 nins
323 131 459 168 vrensmns
482 131 605 178 siraninus

44 230 121 294 dirim,
134 229 230 276 sindone
248 230 334 277 munda
351 229 478 277 involvunt.
493 229 546 289 Quo
564 230 659 277 affectui
674 246 719 293 quo
737 231 807 281 fletui

48 306 133 366 quibus
146 304 240 352 osculis!

78 381 191 427 aorosia
203 381 260 428 illnnl
271 383 356 443 loseph
368 382 393 428 itt
403 388 547 429 moenimenta
557 396 597 427 sito
609 396 673 438 itone,
684 383 741 444 priori
754 384 808 430 enei·

49 457 114 501 derat
125 458 150 501 tn
158 464 234 516 petra,
246 464 268 505 et
278 458 376 504 advolvit
386 472 465 503 sanam
475 472 582 518 mappam
594 458 624 503 cd
635 458 715 504 ostana
726 472 809 517 mortit-

49 531 169 590 meittill);
187 539 211 579 nt
231 533 293 592 quod
303 524 364 578 nivo
383 539 495 592 praestare
513 547 559 579 non
572 539 703 592 potuerant,
718 539 808 579 mortuo

48 607 219 666 qiiodammodo
242 614 426 667 compensarent.
449 608 478 653 Et
501 608 550 655 haec
577 607 654 653 omnia
672 609 756 667 juvant
780 609 809 653 ad

48 682 197 727 astruendam
214 682 398 728 Resurrectionis
418 682 550 740 veritatem,
563 688 586 727 et
603 683 731 728 docendum
750 696 810 743 qno-

49 757 116 801 modo
126 757 215 815 Corpus
226 757 309 803 Christi
323 756 420 815 recipies
429 765 452 802 et
463 758 586 812 recondas

78 834 103 876 3⁰
115 831 212 877 Interim
224 833 301 890 cogita
318 832 369 891 qnis
382 830 455 886 dolor,
467 831 518 891 quis
538 831 623 888 luctus,
636 845 690 890 quae
707 830 809 877 solitudo

47 907 149 966 Virginis
170 908 257 960 Matris,
278 905 457 966 Discipulorum‚
480 906 630 966 ariagnem,
656 907 778 952 mulierum
802 920 808 950 z

48 981 334 1043 lugeqnoquecumillis.
368 1035 384 1043 Ἴ,

79 1061 104 1104 40
126 1059 209 1115 lndaei,
229 1059 258 1105 ad
282 1059 434 1106 amovendam
456 1059 569 1115 fraudem,
589 1065 704 1106 annuente
726 1059 808 1110 Pilato,

48 1136 182 1182 atttritierttiti
198 1136 331 1196 sepulcrum,
341 1137 455 1195 sipara-riter
465 1136 562 1196 lapidem
573 1152 621 1191 itant
635 1135 760 1183 cristallinus
772 1137 809 1195 (Ξ).

79 1210 232 1270 Colloquinm.
247 1211 312 1256 Horo
324 1211 405 1256 mortis
420 1225 481 1257 trieris
493 1213 561 1270 {latas
574 1211 653 1265 intret,
670 1212 732 1264 Jeerr,
745 1217 809 1256 trram

49 1288 109 1331 latiis
128 1287 176 1332 :to
193 1287 234 1331 lriac
250 1286 310 1345 fossa
328 1301 362 1331 mc
382 1286 484 1340 reconde,
498 1287 530 1331 tot
543 1301 617 1332 metim
637 1301 676 1332 cnr
695 1287 808 1332 absconde.

48 1363 71 1408 S.
86 1363 153 1407 Bern.

79 1438 134 1494 Legi
146 1442 222 1496 potest
232 1435 272 1481 lib.
286 1436 305 1480 ll
318 1436 346 1482 de
356 1436 594 1491 ImitationeGhristi,
608 1451 658 1497 cap.
673 1451 718 1491 xii,
734 1438 811 1493 depre-

50 1512 87 1569 gia
99 1511 136 1557 via
149 1515 236 1557 sanctae
249 1511 340 1567 Crocis3
355 1517 377 1556 et
388 1524 440 1570 cap.
452 1524 487 1567 xi,
500 1511 529 1556 de
544 1512 663 1570 paucitate
680 1519 811 1558 amatorum

50 1587 125 1631 crucis
144 1585 238 1633 Christi.
255 1587 314 1631 ltem
330 1585 417 1646 regulae
432 1586 461 1631 de
476 1585 540 1632 victu
555 1587 714 1646 temperando,
729 1600 757 1632 ex
771 1588 812 1632 Li-

50 1660 109 1706 brllo
121 1660 299 1706 Exercitiorum.

261 1815 358 1863 XXVII.
376 1815 601 1864 CONSIDERATIO.

284 1916 318 1962 De
335 1916 455 1976 refectione
471 1916 580 1976 corporis.

78 2018 139 2076 Lege
150 2017 273 2063 Snmmarii
289 2008 392 2075 regulam
408 2018 551 2078 trigesimam
569 2023 592 2062 et
604 2006 695 2076 relgnlas
709 2018 738 2063 de
749 2018 810 2063 victu

49 2093 209 2152 temperando,
224 2106 252 2136 ex
264 2091 410 2138 hebdomada
422 2093 491 2138 tertia
504 2093 556 2137 libri
574 2093 743 2137 Exercitiornm
762 2093 811 2151 spi-

50 2166 178 2213 ritualium.

80 2243 98 2286 l.
112 2266 140 2275 -
154 2245 213 2286 Ante
226 2241 390 2287 comestionem
403 2254 508 2301 praepara
521 2241 623 2286 animam
633 2249 698 2286 tuam
707 2241 734 2287 ad
748 2240 811 2285 illam
828 2257 831 2262 ·

51 2316 166 2361 actionem
179 2316 311 2362 animalem.

81 2392 106 2436 l0
118 2390 202 2437 Recole
214 2391 253 2437 illa
265 2392 366 2450 Apostoli
380 2392 451 2438 verba
460 2406 465 2436 :
473 2391 523 2437 Siva
534 2391 685 2447 mandaretis,
697 2391 742 2437 siae
753 2389 811 2435 lilii·

51 2466 212 2521 tinnientem
226 2467 323 2526 planiam
335 2466 376 2513 Dei
388 2467 456 2526 facite
468 2467 506 2526 (3).
520 2467 548 2513 Et
568 2480 670 2527 propone
684 2466 725 2512 tihi
745 2466 811 2511 finem

74 2623 100 2665 ll)
109 2619 176 2655 tlattlr.
185 2629 240 2656 xxvii.
468 2619 494 2663 {3}
503 2620 512 2655 Ι
521 2619 602 2656 Corinth.
613 2630 632 2656 xi

75 2667 100 2712 12)
108 2664 240 2706 Mammam.
310 2703 311 2706 Ἴ
324 2708 326 2710 ,
