1715 2908
52 114 86 164 94
340 129 396 164 nrns
414 128 529 166 ocrnvus

53 226 163 272 damnato
176 223 275 284 applica.
288 225 362 281 Hunc,
377 226 440 286 prius
456 226 599 272 daeriionibirs
612 225 746 281 terribilem,
763 225 814 272 dre-

53 313 148 345 monum
161 299 229 344 turba
242 299 396 346 circumstans
407 300 517 361 irridebit
533 305 557 345 et
573 305 716 346 contemnet:
730 300 813 358 singuli

54 376 146 434 singula
167 375 198 419 illi
218 382 355 422 ornamenta
373 376 479 434 eripient,
499 389 597 436 eumque
614 375 719 420 omnibus
735 389 815 420 sacer-

53 449 112 495 dotii
122 448 250 506 insignibus
259 449 399 508 spoliabunt.
408 449 464 506 Quae
473 448 611 495 scommata!
620 462 673 508 quae
683 448 812 494 irrisiones!

54 529 141 583 quanta
154 523 286 567 Sacerdotis
301 523 330 568 ab
342 524 371 568 iis
383 524 512 569 conculcati
527 522 637 569 conlusio!
656 536 726 582 quam
740 521 815 580 tragi·

54 611 107 643 cum
119 595 288 658 spectaculum!
303 598 379 645 dicent
390 597 423 644 illi
433 598 556 646 :Detroete
567 597 636 645 ested
645 596 731 658 inferos
740 609 816 657 super·

53 674 90 720 bie
101 680 154 731 tee;
168 679 194 721 te
205 673 282 721 nostri
292 674 374 721 similis
383 674 457 734 fectus
469 688 491 720 es
503 674 539 735 (l),
551 675 598 721 imo
609 674 669 721 infra
681 688 723 721 nos
735 674 815 734 abjec-

53 756 90 795 tus
102 764 135 796 es.
149 750 178 795 Et
188 750 232 796 hoc
244 751 299 811 quia
310 764 359 797 cem
369 751 393 795 io
406 751 489 796 honere
501 756 616 805 essetnec
627 750 748 805 intelleeit,
760 764 814 796 eoin·

50 832 149 885 paretes
171 832 204 879 est
219 826 331 885 iumentis
349 821 516 886 incipientibus,
539 832 561 873 et
583 826 666 873 similis
688 826 761 886 foetos
782 833 815 873 est

53 901 100 947 illis
114 901 153 961 (2).

83 976 236 1035 Colloquium.
251 977 305 1021 Pete
315 989 405 1034 semper
417 983 440 1020 et
453 975 520 1020 unice
534 975 617 1022 timere
629 990 682 1022 eum
695 977 733 1035 qui
742 972 815 1035 potest

54 1051 154 1097 animem
165 1057 186 1096 et
198 1066 279 1111 eorpus
285 1051 381 1110 perdere
389 1050 415 1095 io
424 1051 554 1110 peltensium.
813 1041 814 1045 ¹

85 1127 262 1172 Continuabitur
273 1126 353 1171 Lectio
366 1126 394 1171 de
406 1126 471 1171 vitiis
483 1126 631 1185 capitalibus.

83 1200 144 1261 Lege
164 1200 233 1247 ctiam
254 1215 281 1247 ex
301 1199 441 1261 scripturis,
456 1201 519 1261 Sap,
537 1214 588 1262 cap.
607 1214 635 1259 v,
654 1201 710 1259 Luc,
729 1201 773 1260 463
786 1200 815 1248 de

54 1277 185 1324 Imitationc
197 1277 290 1334 Christi,
304 1277 345 1323 lib.
357 1278 376 1334 l,
390 1291 441 1338 cap.
455 1291 521 1324 niun
535 1286 558 1324 et
572 1292 642 1325 xxiv,

284 1427 344 1492 vui.
358 1436 583 1492 consrnnnnrio.

56 1547 97 1597 De¹
105 1552 177 1610 piraeei
195 1551 382 1611 reertiJieetiouis
397 1566 515 1604 sensuum,
533 1551 679 1610 persiccum,
688 1564 815 1611 pravorum

304 1626 428 1679 holitorem,
442 1631 463 1670 et
475 1626 564 1684 linquae.
666 1626 668 1629 ’

84 1730 135 1775 Huc
146 1730 246 1789 pertinet
258 1731 346 1789 Regula
358 1730 481 1777 Summarii
493 1731 538 1787 ΧΠ
550 1744 555 1774 ;
568 1729 645 1787 Maius
658 1743 683 1774 ee
695 1729 815 1788 impensius

55 1804 156 1850 stadium
172 1806 276 1864 caprisque
288 1805 319 1851 sit
329 1819 429 1864 querere
439 1805 465 1850 in
475 1803 571 1862 Domino
583 1805 691 1862 arciorem
701 1804 737 1848 sci
747 1804 816 1848 ebrie*

54 1882 175 1943 petionem,
187 1890 208 1930 et
218 1884 348 1930 continuem
355 1883 381 1929 in
390 1882 455 1929 rebus
465 1881 574 1937 omnibus,
581 1881 654 1941 quood
662 1880 715 1940 pieri
721 1880 814 1940 peterit,¹

55 1959 261 2019 mortificationem.

84 2037 136 2082 Huc
148 2038 219 2083 etiam
230 2036 359 2083 reserendae
371 2038 425 2082 sunt
436 2035 531 2095 Regulae
543 2034 672 2090 modestiae,
684 2034 780 2091 silentii,
793 2039 816 2079 ot

56 2111 208 2157 infirmorum.

43 2174 45 2177 ⁵
87 2187 112 2230 l0
125 2187 191 2232 Circa
201 2201 290 2242 sensus,
302 2187 352 2246 lege
362 2185 486 2232 Summarii
496 2183 609 2243 Regulam
621 2187 649 2231 29
663 2183 757 2229 :Omnes
767 2183 817 2229 dili-

56 2260 184 2320 peutissime
196 2268 277 2307 carent
285 2267 364 2320 portes
376 2272 580 2305 senserimseereem
592 2259 713 2314 (coeloram
721 2272 817 2316 praeser-

57 2335 109 2387 tim,
117 2335 217 2390 cerium,
226 2341 248 2381 et
258 2336 359 2392 limpore),
367 2335 394 2379 eb
404 2332 641 2379 oeioiioordieetione
648 2332 766 2378 custodire.
775 2333 818 2376 No-

58 2415 123 2455 verat
132 2416 226 2455 sanctus
237 2410 354 2455 Fundetur
366 2409 486 2468 utriusque
499 2407 589 2453 militiae
601 2420 694 2465 gnarus,
705 2413 818 2466 quantum

57 2498 86 2532 ex
98 2484 223 2545 negligenti
233 2489 352 2546 portarum
364 2483 470 2531 custodia
480 2482 608 2544 periculum
621 2482 717 2529 oriatur.
731 2485 818 2528 Ascen-

79 2629 189 2704 (ἢμην.
472 2651 613 2700 (arsum.
