1715 2908
62 148 111 201 lot
291 162 348 203 ntes
367 164 476 204 uncinos
499 164 593 203 soccos

61 256 155 315 incolere
167 269 251 303 omnem
261 257 391 316 tesceiam
403 258 558 305 humilitatem
571 258 667 312 scilieet,
681 261 705 303 et
716 257 820 303 obedien·

62 331 119 378 tiam
142 331 278 377 exercendo.
292 333 350 378 Item
370 333 407 378 dic
429 339 452 378 et
465 332 516 378 ¹foe.
530 332 633 379 Christus
653 330 697 376 hoc
716 330 777 377 facto
798 337 820 376 et

61 406 142 451 ioanni
154 405 318 452 auctoritatem
331 406 469 463 conciliavit,
482 413 505 452 et
516 408 545 454 ah
558 409 607 468 ipso
621 411 700 467 postea
714 406 820 451 testimo-

61 482 125 525 nium
135 481 226 541 accepit
238 483 322 528 :sicet
334 488 359 528 tu
372 495 414 542 age
425 495 479 528 cum
491 484 548 529 viris
560 481 701 543 apostolicis,
710 481 820 526 certando

62 568 114 600 cum
124 556 181 616 ipsis
195 556 326 603 humilitate
336 564 359 603 et
369 557 579 618 obedientie-ipsis
590 556 753 603 anctoritatem
763 568 821 601 con-

61 631 169 687 ciliando,
181 645 234 678 cum
247 633 302 693 ipsis
321 634 349 680 ad
364 647 421 695 opus
433 633 476 680 Dei
485 622 631 681 'unanimiter
651 632 818 700 concurrendo.

61 707 128 754 Absit
138 707 192 754 hino
202 709 276 769 turpis
288 708 414 764 aemulatio,
426 710 551 766 contentio,
565 708 688 771 zelotypia.

91 784 207 830 Pononnn
222 784 260 830 ill.
275 810 302 817 —
318 784 531 844 Baptizatos‘desoc
551 785 664 843 confestim
683 784 783 831 escendit
795 785 820 830 de

61 873 128 917 cocco,
139 866 162 904 et
172 858 261 905 orabat.
271 860 303 906 Et
315 874 360 906 ecce
372 859 447 919 operti
457 865 509 905 sciet
519 860 538 905 ei
548 860 603 914 eceli,
610 866 630 906 et
640 859 698 906 cidit
708 859 819 919 Spiritctm

62 933 104 979 Dei
113 932 276 980 descendentem
288 934 346 980 sicot
358 934 488 988 eoictocbooc,
500 940 521 980 ct
530 935 654 982 occicoteot
665 948 733 993 seper
744 949 775 980 se.
788 936 821 982 Et

62 1021 107 1052 ecoe
117 1021 160 1053 coe
170 1007 196 1051 de
206 1008 265 1054 Celo
276 1009 349 1068 dicens
359 1008 417 1054 :Hic
425 1014 457 1053 est
468 1009 546 1054 Filios
554 1022 614 1054 ozeos
627 1008 727 1061 dilectus,
741 1008 767 1053 c'o
779 1022 821 1067 qco

61 1082 117 1127 ezidi
128 1082 249 1141 complacui
261 1082 297 1140 (t).
306 1083 361 1129 Heec
374 1082 452 1128 missio
465 1082 550 1129 Christi
559 1082 706 1139 authentice;
720 1082 773 1129 telis
786 1090 821 1129 est

61 1158 111 1203 viro
125 1156 251 1217 apostolico
261 1158 398 1204 necessaria.
410 1159 469 1204 Hoic
481 1171 574 1204 neeesse
587 1165 622 1204 est
632 1158 716 1218 aperiri
727 1158 819 1214 eoeiem,

62 1232 202 1278 descendere
212 1231 322 1291 Spiritum
335 1232 384 1287 Dei,
398 1240 420 1277 ct
432 1246 524 1278 monere
535 1247 603 1293 super
615 1234 698 1292 ipsum,
709 1246 767 1280 voce
779 1234 821 1279 Pa-

63 1308 105 1353 tris
115 1321 168 1354 euno
180 1306 273 1366 agnosci
283 1306 374 1352 Filium.
385 1308 433 1352 Hoc
444 1307 534 1366 insigne
546 1308 704 1371 testimo-oium
716 1308 820 1356 Christus

62 1385 158 1430 meritus
170 1389 204 1428 est
216 1382 346 1429 humilitate
365 1390 388 1429 et
404 1384 517 1429 oratione.
531 1384 603 1447 Vade,
618 1390 641 1429 et
656 1375 686 1429 ‘tu
706 1383 742 1431 fao
755 1384 821 1429 simi-

61 1459 113 1504 liter
124 1459 160 1517 (2).

91 1531 243 1592 Colloquium.
256 1532 310 1579 Pete
323 1546 337 1579 a
349 1532 440 1579 Christo
453 1547 492 1593 per
503 1534 622 1589 ioannem,
632 1533 739 1593 spiritum
750 1535 821 1594 poeni-

60 1606 297 1662 sententiolisne
309 1610 332 1652 et
342 1606 488 1662 obedientiae,
500 1608 660 1667 disponentem
673 1607 701 1652 ad
713 1608 820 1667 spiritum

61 1682 222 1750 apostolieum.

333 1831 362 1876 n.
379 1832 548 1901 innocencio..

228 1930 261 1977 De
276 1913 396 1978 solitudine
413 1936 434 1978 et
446 1930 533 1991 jejunio
557 1930 652 1978 Christi.

87 2034 206 2071 Praeiudicant
215 2033 230 2071 Ι,
241 2029 348 2069 -Recole
359 2034 432 2068 textum
443 2030 590 2083 Evangelicum.
650 2068 652 2070 ,

87 2110 206 2146 Peoetodicm
217 2105 359 2155 11.-Speeta
369 2105 468 2144 Christum
478 2106 499 2145 in
512 2116 577 2146 eremo
586 2111 681 2145 orantem.
747 2128 749 2131 -

86 2185 205 2221 Praeconem
215 2184 253 2220 ΙΙΙ.
262 2201 289 2209 -
299 2180 345 2220 Pete
355 2180 436 2221 imitari.
504 2205 506 2207 ·

89 2274 204 2319 Pnnonon
219 2272 236 2318 Ι.
252 2271 400 2318 -Secessus
419 2278 442 2318 et
459 2271 559 2321 solitudo
572 2271 609 2329 (3).
629 2271 699 2325 Tenc,
710 2271 755 2317 hoc
774 2276 817 2326 est,

58 2347 139 2394 statim
151 2361 164 2393 a
174 2346 289 2406 baptismo
302 2350 325 2391 et
338 2346 425 2392 coelesti
438 2345 578 2403 testimonie,
590 2345 664 2401 iesus,
679 2347 759 2407 plenus
772 2346 819 2406 Spi-

58 2424 105 2484 ritu
117 2423 209 2477 Sancte,
223 2435 342 2480 regressus
354 2428 389 2468 est
402 2436 415 2467 a
429 2411 537 2473 dordone,
549 2427 572 2467 et
585 2423 681 2468 secessit
698 2423 726 2467 ad
739 2424 818 2467 viton-

58 2499 112 2543 dum
124 2497 237 2555 plausum,
251 2496 278 2541 ad
290 2496 430 2554 gustandum
440 2496 525 2542 donum
537 2495 639 2551 coeleste,
652 2496 680 2541 ad
692 2497 819 2542 ostenden-

82 2629 108 2677 (i)
115 2629 183 2664 Mattli.
192 2638 220 2664 in.
472 2629 497 2675 (3)
506 2628 566 2665 Matth
582 2639 606 2666 iv.

81 2675 106 2723 (Ξ)
115 2674 187 2713 Lunx.
573 2710 575 2713 f
