1715 2908
383 116 440 155 DIES
464 118 549 156 NONUS

322 323 366 370 tx.
383 302 608 371 constantinam.

86 457 89 462 .
146 418 180 464 De
191 416 368 478 identificatione
379 417 484 475 caterno,
495 424 518 466 et
531 432 575 468 noto
588 407 798 468 Pentelensem*

115 517 267 566 Desonnnon
278 531 307 565 ex
316 517 411 580 Regalis
421 524 446 566 et
456 518 581 568 Additione
592 520 655 567 Libri
667 519 845 566 Exercitiorum.

85 592 174 652 Regula
186 595 200 639 4
210 594 326 642 Summas.
339 594 410 642 Rote'o
421 594 512 642 oe‘oende'
524 597 631 644 Societcto'
642 596 813 650 communicem,
825 602 847 642 et

85 669 161 716 renites
172 669 307 717 ordinarios
315 671 462 731 pertinentias
476 684 504 717 eoo
516 672 649 731 oblinetione
666 671 791 718 antecedas
804 672 846 717 lno-

86 741 129 790 bet.
141 742 183 790 Sed
197 744 250 791 illos
267 745 341 804 peinis
358 759 471 793 assumere
481 746 575 807 poterit,
588 760 637 807 noce
649 747 694 807 ipsi
709 744 846 794 videbanter

86 818 117 865 od
130 819 259 881 profectam
269 823 396 878 convenire,
408 828 430 870 ot
439 835 495 884 qnos
505 821 617 884 Superior
627 823 657 869 od
668 822 768 871 eamdem
778 821 846 882 tinent

84 896 171 957 poterit
181 897 213 944 eis
226 898 348 959 imponere.

117 974 175 1033 Reg.
199 977 237 1021 l3.
253 986 288 1010 ·-
310 974 392 1024 Officia
410 976 515 1033 humilia,
532 990 547 1023 a
565 974 651 1037 quibus
669 988 751 1022 sensus
772 974 847 1035 magis

87 1049 230 1107 abhorrebit,
242 1053 370 1114 promptius
380 1052 535 1114 suscipienda.

117 1127 175 1187 Reg.
189 1128 227 1173 l9.
239 1154 266 1163 -
277 1127 413 1190 Moprzopene
431 1128 519 1189 confert
532 1128 608 1176 devote
623 1142 649 1174 eo
663 1141 760 1175 rnenreero
775 1127 847 1183 obire,

88 1202 114 1249 in
123 1202 203 1265 onitas
212 1204 284 1265 monis
292 1195 414 1251 'emercetur
430 1205 547 1253 lenmilltos
559 1211 580 1252 et
592 1205 701 1253 cionitas.

117 1280 175 1340 Reg.
189 1279 226 1326 tt.
239 1305 270 1315 -
280 1280 397 1327 Exercitia
409 1281 520 1328 mentalia
532 1280 634 1328 externis
644 1279 846 1340 interrumpenda;

87 1353 112 1399 id
120 1359 164 1411 est,
176 1354 254 1416 aliqua
264 1356 368 1416 corporis
379 1356 553 1403 exercitatione.

116 1429 175 1490 Reg.
195 1432 233 1476 te.
247 1455 277 1466 -
292 1430 403 1490 Corporis
417 1431 534 1491 costipotio
544 1442 591 1477 non
607 1429 637 1477 sit
654 1430 810 1486 immoderato,
823 1436 847 1477 et

87 1504 234 1553 Confessario
246 1505 283 1553 vel
294 1505 414 1567 Superiori
425 1506 559 1567 aperienda.

116 1581 213 1641 Regulos
223 1582 252 1627 ta
263 1586 288 1626 et
298 1582 335 1626 50.
344 1606 373 1626 -.
380 1581 456 1641 AEgris
464 1580 617 1641 praescribunt
628 1580 785 1628 obedientiam
792 1594 846 1642 erga

86 1656 191 1703 medicos
202 1662 227 1702 et
239 1655 381 1703 infirmarios
392 1671 398 1701 ι
411 1657 468 1702 item
483 1655 639 1702 humilitatem
657 1662 681 1702 et
699 1656 846 1717 patientiam.

117 1732 175 1791 Reg.
187 1733 225 1777 5l.
237 1757 265 1766 -
281 1731 407 1791 Aliquoties
424 1731 451 1777 e'n
465 1745 526 1777 ortno
540 1731 683 1779 Paenitentia
692 1733 794 1793 petendoe
803 1747 848 1794 pro

87 1805 210 1867 defectibus
220 1805 246 1852 in
266 1804 418 1852 observatione
429 1806 576 1866 Repnlornm.

80 1910 82 1912 -
98 1888 101 1892 ’
116 1882 151 1929 Ex
162 1880 258 1941 Regalis
270 1881 431 1929 communibus
443 1883 525 1942 quinta
537 1882 668 1943 praescribit
683 1883 847 1930 abstinentiam

86 1962 161 2005 sextae
177 1957 252 2004 Feriae
265 1972 271 2002 ε
284 1961 350 2004 sexta
365 1962 430 2005 vetat
444 1957 648 2004 mortificationem
670 1958 787 2018 publicam
810 1960 848 2004 in-

85 2034 184 2095 jussam.

117 2108 216 2157 Consule
235 2106 385 2157 additionem
399 2109 515 2155 decimam
531 2120 561 2154 ex
576 2107 606 2154 iis
619 2120 673 2169 quae
688 2114 741 2155 sunt
758 2110 783 2155 in
801 2109 848 2155 fine

88 2186 170 2245 primae
181 2184 339 2231 Hebdomade
352 2184 530 2239 Exercitiorum,
542 2194 596 2243 ques
610 2184 684 2230 multa
701 2184 770 2231 docet
785 2183 848 2229 circa

88 2261 246 2321 poenitentias.
258 2262 285 2305 l⁰
295 2258 416 2319 Duplicem
425 2259 525 2320 explicat
537 2258 728 2315 satisfactionem,
742 2272 783 2306 seu
794 2272 848 2318 poe-

89 2337 211 2385 nitentiam
221 2336 365 2395 interiorem,
378 2336 475 2394 scilicet,
489 2340 513 2383 et
525 2334 671 2383 exteriorem.
686 2340 711 2384 2⁰
723 2333 848 2395 Triplioem

13 2406 15 2409 ’
89 2414 162 2462 tradit
173 2412 269 2462 modom
277 2412 321 2460 has
332 2412 462 2468 exercendi,
476 2412 539 2459 circa
550 2411 648 2463 nictum,
659 2412 722 2458 circa
731 2424 846 2468 somnum,

88 2492 152 2541 cirea
161 2504 264 2540 carnem.
278 2491 304 2536 3⁰
315 2489 426 2550 Ejusdem
443 2489 559 2550 triplicem
570 2488 636 2550 ponit
652 2488 722 2536 finem
736 2501 778 2536 seu
791 2489 848 2536 elle-

87 2575 153 2618 ctum
172 2584 177 2615 :
195 2566 378 2615 satisfactionem
394 2578 436 2626 pro
454 2564 553 2622 delictis,
565 2565 602 2612 sui
619 2565 752 2625 victoriam,
765 2567 848 2626 gratiae

87 2645 210 2709 cujusdam
222 2642 409 2706 impetrationem
423 2640 461 2691 vel
472 2640 538 2690 dubii
551 2640 725 2689 resolutionem.
738 2643 765 2689 4⁰
775 2643 849 2691 Docet
