<?xml version="1.0" encoding="UTF-8"?>
<!DOCTYPE html PUBLIC "-//W3C//DTD XHTML 1.0 Transitional//EN"
    "http://www.w3.org/TR/xhtml1/DTD/xhtml1-transitional.dtd">
<html xmlns="http://www.w3.org/1999/xhtml" xml:lang="en" lang="en">
 <head>
  <title>
</title>
<meta http-equiv="Content-Type" content="text/html;charset=utf-8" />
  <meta name='ocr-system' content='tesseract 3.04.00' />
  <meta name='ocr-capabilities' content='ocr_page ocr_carea ocr_par ocr_line ocrx_word'/>
</head>
<body>
  <div class='ocr_page' id='page_1' title='image "MN5052ucmf_3_0251.png"; bbox 0 0 1715 2908; ppageno 0'>
   <div class='ocr_carea' id='block_1_1' title="bbox 69 125 701 193">
    <p class='ocr_par' dir='ltr' id='par_1_1' title="bbox 69 125 701 193">
     <span class='ocr_line' id='line_1_1' title="bbox 69 125 701 193; baseline 0.009 -13"><span class='ocrx_word' id='word_1_1' title='bbox 69 125 119 181; x_wconf 78' lang='lat'>238</span> <span class='ocrx_word' id='word_1_2' title='bbox 272 144 329 193; x_wconf 77' lang='lat' dir='ltr'>oms</span> <span class='ocrx_word' id='word_1_3' title='bbox 347 144 484 186; x_wconf 74' lang='lat' dir='ltr'>transimus</span> <span class='ocrx_word' id='word_1_4' title='bbox 500 149 630 190; x_wconf 80' lang='lat' dir='ltr'>-oonmus</span> <span class='ocrx_word' id='word_1_5' title='bbox 699 145 701 148; x_wconf 86' lang='grc'><strong><em>·</em></strong></span> 
     </span>
    </p>
   </div>
   <div class='ocr_carea' id='block_1_2' title="bbox 69 242 839 598">
    <p class='ocr_par' dir='ltr' id='par_1_2' title="bbox 71 242 839 386">
     <span class='ocr_line' id='line_1_2' title="bbox 100 242 832 302; baseline 0 -15"><span class='ocrx_word' id='word_1_6' title='bbox 100 245 126 287; x_wconf 77' lang='grc'>50</span> <span class='ocrx_word' id='word_1_7' title='bbox 139 242 250 290; x_wconf 77' lang='lat' dir='ltr'>Absoluta</span> <span class='ocrx_word' id='word_1_8' title='bbox 268 244 355 302; x_wconf 81' lang='lat' dir='ltr'>studio,</span> <span class='ocrx_word' id='word_1_9' title='bbox 366 245 460 291; x_wconf 82' lang='lat' dir='ltr'>reflecte</span> <span class='ocrx_word' id='word_1_10' title='bbox 479 245 508 292; x_wconf 85' lang='lat' dir='ltr'>ad</span> <span class='ocrx_word' id='word_1_11' title='bbox 527 260 594 292; x_wconf 84' lang='lat' dir='ltr'>usum</span> <span class='ocrx_word' id='word_1_12' title='bbox 612 259 690 291; x_wconf 69' lang='lat' dir='ltr'>eortius</span> <span class='ocrx_word' id='word_1_13' title='bbox 707 259 758 302; x_wconf 69' lang='lat' dir='ltr'>&lt;putu</span> <span class='ocrx_word' id='word_1_14' title='bbox 771 244 832 289; x_wconf 71' lang='lat' dir='ltr'>(litli-</span> 
     </span>
     <span class='ocr_line' id='line_1_3' title="bbox 71 316 839 386; baseline 0.003 -24"><span class='ocrx_word' id='word_1_15' title='bbox 71 316 133 373; x_wconf 85' lang='lat' dir='ltr'>oisti‚</span> <span class='ocrx_word' id='word_1_16' title='bbox 147 319 176 365; x_wconf 84' lang='lat' dir='ltr'>ad</span> <span class='ocrx_word' id='word_1_17' title='bbox 186 317 229 364; x_wconf 90' lang='lat' dir='ltr'>Dei</span> <span class='ocrx_word' id='word_1_18' title='bbox 241 318 347 377; x_wconf 77' lang='lat' dir='ltr'>gloriam,</span> <span class='ocrx_word' id='word_1_19' title='bbox 360 327 471 380; x_wconf 83' lang='lat' dir='ltr'>tuomque</span> <span class='ocrx_word' id='word_1_20' title='bbox 481 327 504 367; x_wconf 87' lang='lat' dir='ltr'>et</span> <span class='ocrx_word' id='word_1_21' title='bbox 515 322 613 368; x_wconf 88' lang='lat' dir='ltr'>aliorum</span> <span class='ocrx_word' id='word_1_22' title='bbox 625 321 763 381; x_wconf 78' lang='lat' dir='ltr'>profectum.</span> <span class='ocrx_word' id='word_1_23' title='bbox 838 383 839 386; x_wconf 8' lang='grc' dir='ltr'><strong>Ἴ</strong></span> 
     </span>
    </p>

    <p class='ocr_par' dir='ltr' id='par_1_3' title="bbox 69 393 832 598">
     <span class='ocr_line' id='line_1_4' title="bbox 100 393 832 456; baseline 0 -17"><span class='ocrx_word' id='word_1_24' title='bbox 100 396 126 445; x_wconf 76' lang='lat'>6⁰</span> <span class='ocrx_word' id='word_1_25' title='bbox 139 393 201 439; x_wconf 84' lang='lat' dir='ltr'>Offor</span> <span class='ocrx_word' id='word_1_26' title='bbox 212 399 288 440; x_wconf 86' lang='lat' dir='ltr'>totum</span> <span class='ocrx_word' id='word_1_27' title='bbox 300 396 457 443; x_wconf 79' lang='lat' dir='ltr'>Sanctissimae</span> <span class='ocrx_word' id='word_1_28' title='bbox 473 397 582 443; x_wconf 85' lang='lat' dir='ltr'>Trinitati</span> <span class='ocrx_word' id='word_1_29' title='bbox 601 411 642 456; x_wconf 85' lang='lat' dir='ltr'>per</span> <span class='ocrx_word' id='word_1_30' title='bbox 661 408 744 440; x_wconf 84' lang='lat' dir='ltr'>manus</span> <span class='ocrx_word' id='word_1_31' title='bbox 755 396 832 439; x_wconf 64' lang='lat' dir='ltr'>Boutae</span> 
     </span>
     <span class='ocr_line' id='line_1_5' title="bbox 69 467 831 531; baseline 0 -18"><span class='ocrx_word' id='word_1_32' title='bbox 69 467 178 525; x_wconf 77' lang='lat' dir='ltr'>Virginis,</span> <span class='ocrx_word' id='word_1_33' title='bbox 208 469 291 528; x_wconf 79' lang='lat' dir='ltr'>Angeli</span> <span class='ocrx_word' id='word_1_34' title='bbox 319 470 358 517; x_wconf 88' lang='lat' dir='ltr'>vel·</span> <span class='ocrx_word' id='word_1_35' title='bbox 380 471 483 516; x_wconf 89' lang='lat' dir='ltr'>Patroni.</span> <span class='ocrx_word' id='word_1_36' title='bbox 510 472 597 531; x_wconf 85' lang='lat' dir='ltr'>Repete</span> <span class='ocrx_word' id='word_1_37' title='bbox 621 486 626 516; x_wconf 91' lang='lat'>:</span> <span class='ocrx_word' id='word_1_38' title='bbox 656 471 697 516; x_wconf 83' lang='lat' dir='ltr'>Tot</span> <span class='ocrx_word' id='word_1_39' title='bbox 723 468 765 515; x_wconf 77' lang='lat' dir='ltr'>ttbl</span> <span class='ocrx_word' id='word_1_40' title='bbox 787 468 831 513; x_wconf 74' lang='lat' dir='ltr'>sou</span> 
     </span>
     <span class='ocr_line' id='line_1_6' title="bbox 69 541 212 598; baseline 0 -11"><span class='ocrx_word' id='word_1_41' title='bbox 69 541 153 598; x_wconf 80' lang='lat' dir='ltr'>londes,</span> <span class='ocrx_word' id='word_1_42' title='bbox 171 548 212 589; x_wconf 83' lang='lat' dir='ltr'>eto.</span> 
     </span>
    </p>
   </div>
   <div class='ocr_carea' id='block_1_3' title="bbox 176 810 744 966">
    <p class='ocr_par' dir='ltr' id='par_1_4' title="bbox 176 810 744 966">
     <span class='ocr_line' id='line_1_7' title="bbox 201 810 744 876; baseline 0.007 -13"><span class='ocrx_word' id='word_1_43' title='bbox 201 810 285 865; x_wconf 76' lang='lat' dir='ltr'>olas</span> <span class='ocrx_word' id='word_1_44' title='bbox 306 810 505 866; x_wconf 70' lang='lat' dir='ltr'>trossulus</span> <span class='ocrx_word' id='word_1_45' title='bbox 527 811 698 876; x_wconf 78' lang='lat' dir='ltr'><strong>QUARTUS</strong></span> <span class='ocrx_word' id='word_1_46' title='bbox 743 864 744 867; x_wconf 76' lang='grc'>,</span> 
     </span>
     <span class='ocr_line' id='line_1_8' title="bbox 176 918 724 966; baseline 0.004 -5"><span class='ocrx_word' id='word_1_47' title='bbox 176 925 302 962; x_wconf 67' lang='lat' dir='ltr'>rutarum</span> <span class='ocrx_word' id='word_1_48' title='bbox 329 927 535 964; x_wconf 75' lang='lat' dir='ltr'>Hasoomnnra</span> <span class='ocrx_word' id='word_1_49' title='bbox 553 918 724 966; x_wconf 73' lang='lat' dir='ltr'>&#39;sauomnus</span> 
     </span>
    </p>
   </div>
   <div class='ocr_carea' id='block_1_4' title="bbox 310 1020 591 1052">
    <p class='ocr_par' dir='ltr' id='par_1_5' title="bbox 310 1020 591 1052">
     <span class='ocr_line' id='line_1_9' title="bbox 310 1020 591 1052; baseline -0.004 -2"><span class='ocrx_word' id='word_1_50' title='bbox 310 1020 400 1050; x_wconf 80' lang='lat' dir='ltr'>DOLORES</span> <span class='ocrx_word' id='word_1_51' title='bbox 415 1021 493 1050; x_wconf 81' lang='lat' dir='ltr'>CHRISTI</span> <span class='ocrx_word' id='word_1_52' title='bbox 507 1021 591 1052; x_wconf 68' lang='lat' dir='ltr'>Iussum</span> 
     </span>
    </p>
   </div>
   <div class='ocr_carea' id='block_1_5' title="bbox 75 1099 829 1152">
    <p class='ocr_par' dir='ltr' id='par_1_6' title="bbox 75 1099 829 1152">
     <span class='ocr_line' id='line_1_10' title="bbox 75 1099 829 1152; baseline -0.001 -7"><span class='ocrx_word' id='word_1_53' title='bbox 75 1100 78 1106; x_wconf 85' lang='lat'>&#39;</span> <span class='ocrx_word' id='word_1_54' title='bbox 98 1099 253 1152; x_wconf 77' lang='lat' dir='ltr'>Attrarltto‚at</span> <span class='ocrx_word' id='word_1_55' title='bbox 265 1100 336 1147; x_wconf 78' lang='lat' dir='ltr'>videto</span> <span class='ocrx_word' id='word_1_56' title='bbox 344 1100 365 1145; x_wconf 79' lang='lat' dir='ltr'>si</span> <span class='ocrx_word' id='word_1_57' title='bbox 376 1106 408 1147; x_wconf 85' lang='lat' dir='ltr'>est</span> <span class='ocrx_word' id='word_1_58' title='bbox 416 1101 480 1147; x_wconf 80' lang='lat' dir='ltr'>dolor</span> <span class='ocrx_word' id='word_1_59' title='bbox 492 1101 550 1147; x_wconf 79' lang='lat' dir='ltr'>strat</span> <span class='ocrx_word' id='word_1_60' title='bbox 563 1102 627 1148; x_wconf 76' lang='lat' dir='ltr'>dolor</span> <span class='ocrx_word' id='word_1_61' title='bbox 638 1113 708 1148; x_wconf 81' lang='lat' dir='ltr'>meos.</span> <span class='ocrx_word' id='word_1_62' title='bbox 717 1100 801 1146; x_wconf 86' lang='lat' dir='ltr'>Thren.</span> <span class='ocrx_word' id='word_1_63' title='bbox 814 1114 829 1145; x_wconf 88' lang='lat'>1.</span> 
     </span>
    </p>
   </div>
   <div class='ocr_carea' id='block_1_6' title="bbox 346 1246 553 1298">
    <p class='ocr_par' dir='ltr' id='par_1_7' title="bbox 346 1246 553 1298">
     <span class='ocr_line' id='line_1_11' title="bbox 346 1246 553 1298; baseline 0.014 -3"><span class='ocrx_word' id='word_1_64' title='bbox 346 1251 365 1295; x_wconf 75' lang='grc' dir='ltr'>Ι,</span> <span class='ocrx_word' id='word_1_65' title='bbox 383 1246 553 1298; x_wconf 79' lang='lat' dir='ltr'><strong>MEDITATIO.</strong></span> 
     </span>
    </p>
   </div>
   <div class='ocr_carea' id='block_1_7' title="bbox 257 1347 640 1396">
    <p class='ocr_par' dir='ltr' id='par_1_8' title="bbox 257 1347 640 1396">
     <span class='ocr_line' id='line_1_12' title="bbox 257 1347 640 1396; baseline 0.01 -4"><span class='ocrx_word' id='word_1_66' title='bbox 257 1347 291 1392; x_wconf 85' lang='lat' dir='ltr'>Do</span> <span class='ocrx_word' id='word_1_67' title='bbox 309 1347 397 1393; x_wconf 78' lang='lat' dir='ltr'>Cltrlsti</span> <span class='ocrx_word' id='word_1_68' title='bbox 413 1349 512 1394; x_wconf 72' lang='lat' dir='ltr'><em>tristitia</em></span> <span class='ocrx_word' id='word_1_69' title='bbox 528 1357 550 1396; x_wconf 82' lang='lat' dir='ltr'>et</span> <span class='ocrx_word' id='word_1_70' title='bbox 566 1350 640 1396; x_wconf 80' lang='lat' dir='ltr'>mtto.</span> 
     </span>
    </p>
   </div>
   <div class='ocr_carea' id='block_1_8' title="bbox 95 1445 830 1571">
    <p class='ocr_par' dir='ltr' id='par_1_9' title="bbox 95 1445 830 1571">
     <span class='ocr_line' id='line_1_13' title="bbox 95 1445 384 1485; baseline 0 -1"><span class='ocrx_word' id='word_1_71' title='bbox 95 1448 219 1485; x_wconf 67' lang='lat' dir='ltr'>Proztottom</span> <span class='ocrx_word' id='word_1_72' title='bbox 229 1447 247 1484; x_wconf 90' lang='grc' dir='ltr'>Ι.</span> <span class='ocrx_word' id='word_1_73' title='bbox 257 1469 280 1476; x_wconf 83' lang='grc'><strong>-</strong></span> <span class='ocrx_word' id='word_1_74' title='bbox 290 1445 384 1484; x_wconf 75' lang='lat' dir='ltr'>Historia.</span> 
     </span>
     <span class='ocr_line' id='line_1_14' title="bbox 95 1519 830 1571; baseline 0.004 -14"><span class='ocrx_word' id='word_1_75' title='bbox 95 1523 218 1559; x_wconf 61' lang='lat' dir='ltr'>Palladiam</span> <span class='ocrx_word' id='word_1_76' title='bbox 228 1521 256 1558; x_wconf 86' lang='grc' dir='ltr'><em>,[Ι.</em></span> <span class='ocrx_word' id='word_1_77' title='bbox 268 1546 289 1551; x_wconf 96' lang='grc'>-</span> <span class='ocrx_word' id='word_1_78' title='bbox 300 1519 372 1569; x_wconf 85' lang='lat' dir='ltr'>Specta</span> <span class='ocrx_word' id='word_1_79' title='bbox 381 1520 482 1560; x_wconf 79' lang='lat' dir='ltr'>Christum</span> <span class='ocrx_word' id='word_1_80' title='bbox 492 1521 513 1560; x_wconf 90' lang='lat' dir='ltr'>iu</span> <span class='ocrx_word' id='word_1_81' title='bbox 522 1522 579 1561; x_wconf 87' lang='lat' dir='ltr'>horto</span> <span class='ocrx_word' id='word_1_82' title='bbox 587 1522 688 1562; x_wconf 82' lang='lat' dir='ltr'>tristitiam</span> <span class='ocrx_word' id='word_1_83' title='bbox 696 1521 760 1560; x_wconf 85' lang='lat' dir='ltr'>trihus</span> <span class='ocrx_word' id='word_1_84' title='bbox 769 1523 830 1571; x_wconf 72' lang='lat' dir='ltr'>spos-</span> 
     </span>
    </p>
   </div>
   <div class='ocr_carea' id='block_1_9' title="bbox 5 1573 256 1622">
    <p class='ocr_par' dir='ltr' id='par_1_10' title="bbox 5 1573 256 1622">
     <span class='ocr_line' id='line_1_15' title="bbox 5 1573 256 1622; baseline -0.008 -10"><span class='ocrx_word' id='word_1_85' title='bbox 5 1596 7 1599; x_wconf 95' lang='lat'>·</span> <span class='ocrx_word' id='word_1_86' title='bbox 69 1573 115 1611; x_wconf 87' lang='lat' dir='ltr'>tolis</span> <span class='ocrx_word' id='word_1_87' title='bbox 126 1573 256 1622; x_wconf 84' lang='lat' dir='ltr'>aperientem.</span> 
     </span>
    </p>
   </div>
   <div class='ocr_carea' id='block_1_10' title="bbox 95 1643 776 1701">
    <p class='ocr_par' dir='ltr' id='par_1_11' title="bbox 95 1643 776 1701">
     <span class='ocr_line' id='line_1_16' title="bbox 95 1643 776 1701; baseline 0.006 -16"><span class='ocrx_word' id='word_1_88' title='bbox 95 1649 217 1685; x_wconf 77' lang='lat' dir='ltr'>Pretorttam</span> <span class='ocrx_word' id='word_1_89' title='bbox 232 1649 270 1686; x_wconf 86' lang='grc' dir='ltr'>ΠΙ.</span> <span class='ocrx_word' id='word_1_90' title='bbox 289 1643 370 1686; x_wconf 82' lang='lat' dir='ltr'>—Pete</span> <span class='ocrx_word' id='word_1_91' title='bbox 380 1648 419 1699; x_wconf 91' lang='lat' dir='ltr'>ipsi</span> <span class='ocrx_word' id='word_1_92' title='bbox 428 1649 522 1701; x_wconf 83' lang='lat' dir='ltr'>compati,</span> <span class='ocrx_word' id='word_1_93' title='bbox 531 1654 551 1689; x_wconf 88' lang='lat' dir='ltr'>et</span> <span class='ocrx_word' id='word_1_94' title='bbox 560 1649 673 1690; x_wconf 87' lang='lat' dir='ltr'>contristari</span> <span class='ocrx_word' id='word_1_95' title='bbox 683 1655 705 1689; x_wconf 89' lang='lat' dir='ltr'>ut</span> <span class='ocrx_word' id='word_1_96' title='bbox 715 1649 776 1690; x_wconf 81' lang='lat' dir='ltr'>decet.</span> 
     </span>
    </p>
   </div>
   <div class='ocr_carea' id='block_1_11' title="bbox 61 1738 828 2707">
    <p class='ocr_par' dir='ltr' id='par_1_12' title="bbox 61 1738 828 2707">
     <span class='ocr_line' id='line_1_17' title="bbox 97 1738 828 1801; baseline 0.001 -18"><span class='ocrx_word' id='word_1_97' title='bbox 97 1739 213 1786; x_wconf 75' lang='lat' dir='ltr'>Pauorem</span> <span class='ocrx_word' id='word_1_98' title='bbox 225 1738 243 1783; x_wconf 89' lang='grc' dir='ltr'>Ι.</span> <span class='ocrx_word' id='word_1_99' title='bbox 258 1763 284 1771; x_wconf 97' lang='grc'><strong>-</strong></span> <span class='ocrx_word' id='word_1_100' title='bbox 299 1738 413 1795; x_wconf 83' lang='lat' dir='ltr'>Quoniam</span> <span class='ocrx_word' id='word_1_101' title='bbox 427 1740 488 1786; x_wconf 84' lang='lat' dir='ltr'>iuter</span> <span class='ocrx_word' id='word_1_102' title='bbox 501 1754 528 1787; x_wconf 82' lang='lat' dir='ltr'>aa</span> <span class='ocrx_word' id='word_1_103' title='bbox 539 1751 592 1801; x_wconf 72' lang='lat' dir='ltr'>quaa</span> <span class='ocrx_word' id='word_1_104' title='bbox 610 1742 634 1786; x_wconf 90' lang='lat' dir='ltr'>iu</span> <span class='ocrx_word' id='word_1_105' title='bbox 650 1742 699 1785; x_wconf 90' lang='lat' dir='ltr'>vita</span> <span class='ocrx_word' id='word_1_106' title='bbox 714 1739 828 1799; x_wconf 75' lang='lat' dir='ltr'>spirituali</span> 
     </span>
     <span class='ocr_line' id='line_1_18' title="bbox 66 1813 828 1875; baseline 0.003 -17"><span class='ocrx_word' id='word_1_107' title='bbox 66 1813 188 1860; x_wconf 85' lang='lat' dir='ltr'>toleranda</span> <span class='ocrx_word' id='word_1_108' title='bbox 200 1820 261 1868; x_wconf 78' lang='lat' dir='ltr'>suut,</span> <span class='ocrx_word' id='word_1_109' title='bbox 274 1815 350 1859; x_wconf 84' lang='lat' dir='ltr'>acrius</span> <span class='ocrx_word' id='word_1_110' title='bbox 362 1816 443 1875; x_wconf 79' lang='lat' dir='ltr'>pungit</span> <span class='ocrx_word' id='word_1_111' title='bbox 453 1817 549 1862; x_wconf 80' lang='lat' dir='ltr'>tristitia</span> <span class='ocrx_word' id='word_1_112' title='bbox 561 1818 658 1862; x_wconf 89' lang='lat' dir='ltr'>interior</span> <span class='ocrx_word' id='word_1_113' title='bbox 670 1816 699 1861; x_wconf 88' lang='lat' dir='ltr'>de</span> <span class='ocrx_word' id='word_1_114' title='bbox 711 1823 828 1875; x_wconf 87' lang='lat' dir='ltr'>tempora-</span> 
     </span>
     <span class='ocr_line' id='line_1_19' title="bbox 66 1877 828 1951; baseline 0.005 -18"><span class='ocrx_word' id='word_1_115' title='bbox 66 1888 126 1935; x_wconf 83' lang='lat' dir='ltr'>libus</span> <span class='ocrx_word' id='word_1_116' title='bbox 147 1893 188 1935; x_wconf 87' lang='lat' dir='ltr'>aut</span> <span class='ocrx_word' id='word_1_117' title='bbox 206 1877 365 1948; x_wconf 82' lang='lat' dir='ltr'>spiritualibus</span> <span class='ocrx_word' id='word_1_118' title='bbox 383 1896 503 1951; x_wconf 76' lang='lat' dir='ltr'>concepta,</span> <span class='ocrx_word' id='word_1_119' title='bbox 522 1892 623 1938; x_wconf 79' lang='lat' dir='ltr'>maxime</span> <span class='ocrx_word' id='word_1_120' title='bbox 639 1892 659 1938; x_wconf 91' lang='lat' dir='ltr'>si</span> <span class='ocrx_word' id='word_1_121' title='bbox 675 1891 736 1937; x_wconf 86' lang='lat' dir='ltr'>absit</span> <span class='ocrx_word' id='word_1_122' title='bbox 756 1892 828 1936; x_wconf 79' lang='lat' dir='ltr'>omnis</span> 
     </span>
     <span class='ocr_line' id='line_1_20' title="bbox 66 1964 826 2025; baseline 0 -15"><span class='ocrx_word' id='word_1_123' title='bbox 66 1964 195 2011; x_wconf 80' lang='lat' dir='ltr'>consolatio</span> <span class='ocrx_word' id='word_1_124' title='bbox 211 1965 298 2020; x_wconf 81' lang='lat' dir='ltr'>divina,</span> <span class='ocrx_word' id='word_1_125' title='bbox 313 1979 359 2025; x_wconf 87' lang='lat' dir='ltr'>qua</span> <span class='ocrx_word' id='word_1_126' title='bbox 378 1968 455 2013; x_wconf 87' lang='lat' dir='ltr'>anima</span> <span class='ocrx_word' id='word_1_127' title='bbox 467 1973 612 2013; x_wconf 84' lang='lat' dir='ltr'>sustentetur</span> <span class='ocrx_word' id='word_1_128' title='bbox 627 1974 651 2013; x_wconf 87' lang='lat' dir='ltr'>at</span> <span class='ocrx_word' id='word_1_129' title='bbox 667 1966 826 2012; x_wconf 84' lang='lat' dir='ltr'>confortetur:</span> 
     </span>
     <span class='ocr_line' id='line_1_21' title="bbox 61 2041 828 2102; baseline 0.003 -17"><span class='ocrx_word' id='word_1_130' title='bbox 61 2042 119 2087; x_wconf 66' lang='lat' dir='ltr'>&#39;ideo</span> <span class='ocrx_word' id='word_1_131' title='bbox 131 2041 322 2090; x_wconf 85' lang='lat' dir='ltr'>voluitChristus</span> <span class='ocrx_word' id='word_1_132' title='bbox 340 2042 452 2087; x_wconf 85' lang='lat' dir='ltr'>Dominus</span> <span class='ocrx_word' id='word_1_133' title='bbox 473 2044 548 2102; x_wconf 84' lang='lat' dir='ltr'>ipsam</span> <span class='ocrx_word' id='word_1_134' title='bbox 568 2044 628 2089; x_wconf 77' lang='lat' dir='ltr'>liano</span> <span class='ocrx_word' id='word_1_135' title='bbox 644 2043 764 2088; x_wconf 85' lang='lat' dir='ltr'>tristitiam</span> <span class='ocrx_word' id='word_1_136' title='bbox 780 2043 828 2088; x_wconf 85' lang='lat' dir='ltr'>siue</span> 
     </span>
     <span class='ocr_line' id='line_1_22' title="bbox 66 2116 827 2178; baseline -0.001 -18"><span class='ocrx_word' id='word_1_137' title='bbox 66 2117 112 2163; x_wconf 90' lang='lat' dir='ltr'>ulla</span> <span class='ocrx_word' id='word_1_138' title='bbox 130 2116 289 2163; x_wconf 82' lang='lat' dir='ltr'>consolatione</span> <span class='ocrx_word' id='word_1_139' title='bbox 307 2116 413 2173; x_wconf 85' lang='lat' dir='ltr'>tolerare,</span> <span class='ocrx_word' id='word_1_140' title='bbox 431 2126 456 2163; x_wconf 89' lang='lat' dir='ltr'>ut</span> <span class='ocrx_word' id='word_1_141' title='bbox 475 2124 498 2162; x_wconf 84' lang='lat' dir='ltr'>ot</span> <span class='ocrx_word' id='word_1_142' title='bbox 518 2119 568 2178; x_wconf 92' lang='lat' dir='ltr'>plus</span> <span class='ocrx_word' id='word_1_143' title='bbox 587 2123 746 2177; x_wconf 82' lang='lat' dir='ltr'>pateretur‚et</span> <span class='ocrx_word' id='word_1_144' title='bbox 767 2125 827 2164; x_wconf 86' lang='lat' dir='ltr'>totus</span> 
     </span>
     <span class='ocr_line' id='line_1_23' title="bbox 66 2192 827 2254; baseline 0.001 -16"><span class='ocrx_word' id='word_1_145' title='bbox 66 2198 193 2251; x_wconf 70' lang='lat' dir='ltr'>pateretur,</span> <span class='ocrx_word' id='word_1_146' title='bbox 209 2192 274 2237; x_wconf 91' lang='lat' dir='ltr'>uobis</span> <span class='ocrx_word' id='word_1_147' title='bbox 287 2202 310 2237; x_wconf 90' lang='lat' dir='ltr'>et</span> <span class='ocrx_word' id='word_1_148' title='bbox 322 2193 442 2250; x_wconf 79' lang='lat' dir='ltr'>patientiae</span> <span class='ocrx_word' id='word_1_149' title='bbox 460 2199 483 2238; x_wconf 84' lang='lat' dir='ltr'>et</span> <span class='ocrx_word' id='word_1_150' title='bbox 495 2194 637 2253; x_wconf 84' lang='lat' dir='ltr'>paeuitentiae</span> <span class='ocrx_word' id='word_1_151' title='bbox 650 2193 755 2254; x_wconf 79' lang='lat' dir='ltr'>exempla</span> <span class='ocrx_word' id='word_1_152' title='bbox 766 2206 827 2254; x_wconf 81' lang='lat' dir='ltr'>prae-</span> 
     </span>
     <span class='ocr_line' id='line_1_24' title="bbox 66 2267 827 2329; baseline -0.001 -18"><span class='ocrx_word' id='word_1_153' title='bbox 66 2268 138 2324; x_wconf 81' lang='lat' dir='ltr'>beret,</span> <span class='ocrx_word' id='word_1_154' title='bbox 153 2280 241 2326; x_wconf 87' lang='lat' dir='ltr'>nosque</span> <span class='ocrx_word' id='word_1_155' title='bbox 254 2267 348 2312; x_wconf 85' lang='lat' dir='ltr'>doceret</span> <span class='ocrx_word' id='word_1_156' title='bbox 359 2268 462 2313; x_wconf 87' lang='lat' dir='ltr'>remedia</span> <span class='ocrx_word' id='word_1_157' title='bbox 472 2276 554 2314; x_wconf 83' lang='lat' dir='ltr'>eontra</span> <span class='ocrx_word' id='word_1_158' title='bbox 567 2269 616 2328; x_wconf 79' lang='lat' dir='ltr'>ejus</span> <span class='ocrx_word' id='word_1_159' title='bbox 631 2269 693 2314; x_wconf 83' lang='lat' dir='ltr'>modi</span> <span class='ocrx_word' id='word_1_160' title='bbox 704 2282 786 2329; x_wconf 87' lang='lat' dir='ltr'>poenas</span> <span class='ocrx_word' id='word_1_161' title='bbox 798 2268 827 2311; x_wconf 91' lang='lat' dir='ltr'>in-</span> 
     </span>
     <span class='ocr_line' id='line_1_25' title="bbox 66 2341 825 2403; baseline -0.003 -16"><span class='ocrx_word' id='word_1_162' title='bbox 66 2348 152 2389; x_wconf 77' lang='lat' dir='ltr'>ternas.</span> <span class='ocrx_word' id='word_1_163' title='bbox 163 2345 267 2401; x_wconf 82' lang='lat' dir='ltr'>Cumque</span> <span class='ocrx_word' id='word_1_164' title='bbox 287 2343 391 2389; x_wconf 83' lang='lat' dir='ltr'>adversae</span> <span class='ocrx_word' id='word_1_165' title='bbox 412 2349 540 2402; x_wconf 81' lang='lat' dir='ltr'>potestates</span> <span class='ocrx_word' id='word_1_166' title='bbox 556 2344 580 2394; x_wconf 89' lang='lat' dir='ltr'>iu</span> <span class='ocrx_word' id='word_1_167' title='bbox 597 2345 699 2390; x_wconf 88' lang='lat' dir='ltr'>animam</span> <span class='ocrx_word' id='word_1_168' title='bbox 711 2346 761 2403; x_wconf 86' lang='lat' dir='ltr'>ejus</span> <span class='ocrx_word' id='word_1_169' title='bbox 772 2341 825 2387; x_wconf 87' lang='lat' dir='ltr'>nihil</span> 
     </span>
     <span class='ocr_line' id='line_1_26' title="bbox 66 2417 825 2479; baseline -0.007 -13"><span class='ocrx_word' id='word_1_170' title='bbox 66 2425 167 2479; x_wconf 86' lang='lat' dir='ltr'>possent,</span> <span class='ocrx_word' id='word_1_171' title='bbox 177 2419 226 2477; x_wconf 90' lang='lat' dir='ltr'>ipse</span> <span class='ocrx_word' id='word_1_172' title='bbox 238 2418 298 2462; x_wconf 90' lang='lat' dir='ltr'>ultro</span> <span class='ocrx_word' id='word_1_173' title='bbox 308 2417 369 2463; x_wconf 87' lang='lat' dir='ltr'>huno</span> <span class='ocrx_word' id='word_1_174' title='bbox 380 2419 405 2464; x_wconf 88' lang='lat' dir='ltr'>in</span> <span class='ocrx_word' id='word_1_175' title='bbox 417 2432 442 2465; x_wconf 87' lang='lat' dir='ltr'>se</span> <span class='ocrx_word' id='word_1_176' title='bbox 452 2419 556 2466; x_wconf 88' lang='lat' dir='ltr'>dolorem</span> <span class='ocrx_word' id='word_1_177' title='bbox 566 2419 677 2468; x_wconf 74' lang='lat' dir='ltr'>excitavit</span> <span class='ocrx_word' id='word_1_178' title='bbox 690 2419 718 2466; x_wconf 89' lang='lat' dir='ltr'>ad</span> <span class='ocrx_word' id='word_1_179' title='bbox 730 2418 825 2478; x_wconf 81' lang='lat' dir='ltr'>gloriam</span> 
     </span>
     <span class='ocr_line' id='line_1_27' title="bbox 64 2493 824 2551; baseline -0.004 -11"><span class='ocrx_word' id='word_1_180' title='bbox 64 2495 148 2550; x_wconf 77' lang='lat' dir='ltr'>Patris,</span> <span class='ocrx_word' id='word_1_181' title='bbox 161 2500 184 2539; x_wconf 83' lang='lat' dir='ltr'>ot</span> <span class='ocrx_word' id='word_1_182' title='bbox 195 2493 295 2539; x_wconf 84' lang='lat' dir='ltr'>salutem</span> <span class='ocrx_word' id='word_1_183' title='bbox 307 2500 330 2539; x_wconf 91' lang='lat' dir='ltr'>et</span> <span class='ocrx_word' id='word_1_184' title='bbox 342 2494 520 2541; x_wconf 85' lang='lat' dir='ltr'>instructionem</span> <span class='ocrx_word' id='word_1_185' title='bbox 536 2502 649 2542; x_wconf 83' lang='lat' dir='ltr'>nostram.</span> <span class='ocrx_word' id='word_1_186' title='bbox 666 2495 761 2541; x_wconf 85' lang='lat' dir='ltr'>Gratias</span> <span class='ocrx_word' id='word_1_187' title='bbox 775 2507 824 2551; x_wconf 79' lang='lat' dir='ltr'>age,</span> 
     </span>
     <span class='ocr_line' id='line_1_28' title="bbox 65 2569 826 2632; baseline -0.005 -16"><span class='ocrx_word' id='word_1_188' title='bbox 65 2577 88 2616; x_wconf 87' lang='lat' dir='ltr'>et</span> <span class='ocrx_word' id='word_1_189' title='bbox 100 2570 130 2616; x_wconf 84' lang='lat' dir='ltr'>ab</span> <span class='ocrx_word' id='word_1_190' title='bbox 142 2583 169 2615; x_wconf 83' lang='lat' dir='ltr'>eo</span> <span class='ocrx_word' id='word_1_191' title='bbox 182 2570 244 2615; x_wconf 87' lang='lat' dir='ltr'>disce</span> <span class='ocrx_word' id='word_1_192' title='bbox 255 2582 336 2629; x_wconf 84' lang='lat' dir='ltr'>poenas</span> <span class='ocrx_word' id='word_1_193' title='bbox 347 2570 457 2628; x_wconf 84' lang='lat' dir='ltr'>internas,</span> <span class='ocrx_word' id='word_1_194' title='bbox 470 2571 632 2632; x_wconf 78' lang='lat' dir='ltr'>undecumque</span> <span class='ocrx_word' id='word_1_195' title='bbox 648 2572 768 2620; x_wconf 83' lang='lat' dir='ltr'>venientes</span> <span class='ocrx_word' id='word_1_196' title='bbox 779 2569 826 2614; x_wconf 87' lang='lat' dir='ltr'>uti-</span> 
     </span>
     <span class='ocr_line' id='line_1_29' title="bbox 64 2644 821 2707; baseline -0.001 -16"><span class='ocrx_word' id='word_1_197' title='bbox 64 2646 118 2693; x_wconf 85' lang='lat' dir='ltr'>liter</span> <span class='ocrx_word' id='word_1_198' title='bbox 125 2644 185 2707; x_wconf 85' lang='lat' dir='ltr'>pati.</span> <span class='ocrx_word' id='word_1_199' title='bbox 799 2652 802 2657; x_wconf 84' lang='lat'>&#39;</span> <span class='ocrx_word' id='word_1_200' title='bbox 819 2655 821 2659; x_wconf 88' lang='lat'>·</span> 
     </span>
    </p>
   </div>
   <div class='ocr_carea' id='block_1_12' title="bbox 0 0 862 2908">
    <p class='ocr_par' dir='ltr' id='par_1_13' title="bbox 0 0 862 2908">
     <span class='ocr_line' id='line_1_30' title="bbox 0 0 862 2908; baseline 0 2"><span class='ocrx_word' id='word_1_201' title='bbox 0 0 862 2908; x_wconf 95' lang='lat' dir='ltr'> </span> 
     </span>
    </p>
   </div>
  </div>
 </body>
</html>
