1715 2908
52 101 101 150 138
278 119 334 155 uras
352 120 464 157 uncinus
481 120 589 159 enarres

50 213 111 255 terna
120 211 170 266 scit,
182 226 232 259 cum
243 226 289 258 iton
299 214 406 275 didicerit
415 215 462 274 [tlt
473 215 502 261 Et
514 215 730 264 scandalizabantur
739 216 764 264 in
774 229 811 264 eo.

50 283 127 342 Disce,
138 284 221 346 siquid
233 287 257 331 in
267 293 290 332 te
302 289 413 335 eximium
423 290 461 344 sit,
471 290 529 335 illud
542 291 644 335 studiose
656 289 781 337 occultare.

81 361 107 403 3⁰
120 359 180 417 Quid
192 361 284 407 interim
298 377 346 422 prae
358 377 383 408 se
395 363 501 410 ferebat?
513 364 611 422 labrum,
624 370 647 410 et
658 364 717 410 labri
730 365 811 422 filium,

50 431 143 487 fabrilia
159 448 211 480 cum
227 437 277 495 ipso
297 443 444 485 tractantem.
462 439 520 484 Cum
531 439 607 484 studio
627 452 670 483 non
688 439 810 497 indigeret,

51 520 94 551 nec
111 513 163 554 ante
182 515 317 556 consuetam
336 518 429 558 aetatem
447 512 530 558 docere
548 513 653 567 deberet,
671 527 699 557 ne
719 514 812 561 interim

51 583 98 629 otio
118 584 256 644 indulgeret,
274 585 394 634 laborabat
407 587 512 634 manibus
529 589 584 644 suis,
601 601 672 649 seque
687 588 812 638 maledicto

50 661 108 705 Adae
118 660 256 721 subjiciebat
269 676 274 706 z
288 662 316 709 In
328 663 408 710 sudore
419 664 493 711 iratres
506 664 541 711 tui
550 664 644 711 vesceris
653 679 711 725 pune
721 670 759 711 tuo
772 665 810 725 (tl.

50 736 122 796 quue
133 737 200 797 quasi
210 752 239 784 ex
250 740 397 797 necessitate,
410 754 454 786 non
464 740 559 787 fallendi
570 742 678 802 temporis
688 742 772 800 gratia,
786 746 813 789 ut

50 812 165 859 interdum
179 813 267 861 faciunt
280 816 375 874 divites,
392 816 452 878 quod
471 817 500 863 ad
514 818 624 878 majorem
642 818 690 878 ejus
701 816 813 865 humilia-

52 891 138 934 tionem
152 889 259 937 laciebat.
273 892 338 938 Unde
355 893 505 952 contemptim
515 893 636 939 dicebatur
649 893 722 953 fabar,
736 892 812 940 attius

50 963 183 1024 illtrruteldl.
217 1024 219 1026 ,
505 1016 506 1019 ¹

80 1041 196 1088 Funerum
210 1042 238 1087 ΙΙ,
257 1068 287 1075 -
305 1042 428 1090 Considera
441 1031 592 1088 domesticam
605 1042 689 1088 Christi
700 1042 812 1089 obedien-

50 1115 115 1170 tiam,
128 1115 164 1160 bis
179 1115 298 1174 Evangelii
320 1116 396 1162 verbis
417 1130 550 1177 expressam
564 1132 569 1161 ι
582 1117 644 1163 Errat
663 1116 763 1164 subditos
780 1115 812 1162 rt-

50 1189 78 1235 lis
92 1190 129 1247 (l).
140 1192 165 1234 l⁰
176 1189 252 1252 Quis?
262 1191 303 1235 Dei
316 1190 395 1247 Filius,
407 1191 470 1237 Deus
484 1197 506 1236 et
518 1192 567 1250 ipse
579 1192 714 1249 lllajestatis,
732 1191 769 1237 cui
782 1191 811 1236 ad

50 1270 133 1309 nutum
155 1265 232 1311 omnia
252 1264 374 1320 obediunt,
392 1269 417 1312 2⁰
438 1265 542 1322 Quibus?
561 1266 640 1312 lllariae
660 1270 683 1311 et
702 1265 809 1326 losepho,

49 1340 203 1386 sanctissimis
220 1339 312 1400 quidem
330 1342 443 1400 personis,
456 1340 496 1386 sed
513 1347 590 1386 tamen
606 1341 670 1401 puris
688 1340 810 1400 creaturis,

50 1421 73 1461 et
85 1415 174 1461 inlinilo
187 1415 308 1462 intervallo
321 1415 381 1462 inira
395 1431 418 1462 se
438 1416 530 1476 positis,
545 1418 600 1477 quin
617 1422 640 1461 et
655 1416 706 1463 aliis
719 1416 770 1473 sibi,
785 1422 811 1461 ut

49 1492 84 1548 fit,
96 1492 275 1553 imperantibus;
286 1494 311 1537 3⁰
323 1492 349 1537 In
360 1491 460 1551 quibust
470 1493 495 1537 in
505 1492 609 1537 omnibus
620 1492 737 1552 injunctis,
749 1504 811 1551 prae·

49 1567 130 1614 sertim
142 1581 197 1615 uero
213 1569 237 1613 in
250 1573 299 1614 arte
318 1566 402 1623 fabrili,
420 1573 443 1612 et
459 1567 543 1613 vilibus
559 1567 691 1613 domesticis
705 1567 810 1613 ministe-

49 1644 103 1701 riis;
120 1645 144 1689 to
161 1642 298 1703 Quomodo?
316 1642 443 1688 obediendo
454 1642 569 1698 alacriter,
584 1648 696 1703 prompte,
713 1643 809 1700 integre,

48 1719 159 1780 perfecte,
178 1733 231 1764 cum
250 1718 392 1777 subjectione
410 1718 535 1764 voluntatis
553 1725 575 1764 et
589 1719 679 1778 judicii,
699 1725 811 1778 tanquam

48 1795 97 1839 Deo
106 1795 177 1848 Patri,
186 1799 209 1839 et
220 1808 248 1839 ex
258 1794 338 1838 intimo
349 1806 425 1838 amore
438 1793 507 1838 illius.
514 1795 539 1837 50
551 1793 682 1855 Quamdiu?
691 1806 729 1851 per
739 1805 810 1838 annos

49 1869 152 1927 triginta,
166 1874 189 1912 et
201 1867 260 1913 forte
273 1867 379 1926 amplius.

78 1944 173 2003 decapite,
184 1948 205 1990 et
215 1943 252 2001 fue
263 1942 385 1987 recondam
397 1942 512 2001 exemplar
521 1941 600 2001 (bluel
611 1945 674 1987 certe
685 1941 807 1987 admirare.

49 2028 71 2065 et
83 2019 231 2064 confundere.

78 2095 193 2142 Puerorum
213 2094 251 2140 lll.
276 2119 303 2127 -
326 2092 451 2140 Considera
472 2092 542 2138 etiam
565 2091 650 2139 Christi
669 2091 806 2152 profectum.

48 2170 183 2230 Proficiebot
199 2167 314 2232 rapientia
334 2174 355 2215 et
371 2174 435 2216 oetote
454 2174 474 2215 ct
493 2168 570 2229 pretio
582 2168 643 2229 opud
653 2168 724 2215 Deum
734 2174 756 2215 et
767 2169 807 2214 lio—

50 2247 119 2295 miuoa
131 2248 166 2306 (bl.
179 2246 281 2293 Tametsi
298 2246 327 2293 ab
339 2245 404 2292 initio
424 2245 541 2308 perfectus
560 2245 674 2305 sapientia
689 2252 711 2291 et
722 2245 805 2306 gratia,

50 2331 127 2370 tamen
137 2337 179 2384 pro
190 2336 295 2369 mensura
306 2322 383 2369 aetatis
391 2321 528 2382 perfectiora
539 2321 564 2366 in
574 2321 623 2366 dies
636 2335 705 2382 opera
714 2322 805 2375 edebat,

48 2398 151 2454 infantis,
164 2400 237 2457 pueri,
252 2398 417 2459 adolescentis¹
432 2397 483 2454 viri,
500 2402 524 2441 ut
544 2396 638 2443 doceret
656 2410 697 2443 nos
716 2409 808 2456 semper

72 2552 98 2594 (lt
107 2549 159 2588 Junn.
171 2560 202 2584 vn.
315 2586 317 2589 Α
461 2548 537 2592 lllLuc,
546 2558 568 2584 rr.

70 2597 95 2638 1⁰2)
104 2595 168 2630 Genes.
178 2595 205 2630 rii.
461 2594 486 2635 (5)
496 2592 554 2629 Exod.
563 2603 605 2628 xrr.

71 2643 96 2686 lt)
105 2640 160 2678 llaro⁴
171 2650 194 2677 rr,
316 2678 318 2681 y
462 2638 488 2684 (6)
496 2637 542 2674 Luc.
550 2649 572 2675 n.
