1715 2908
46 147 80 199 98
346 167 404 202 aras
426 166 512 204 nouus

49 261 151 367 Clgrpstuttss
161 261 270 313 dicentem
281 261 325 305 Nisi
334 267 472 313 poeaitentiam
487 266 605 312 habueritis,
622 275 688 303 omnes
703 254 763 302 simul
771 275 808 313 pe·

26 352 27 357 ,
50 327 66 353 ra
80 329 85 353 t
97 328 113 354 aa
153 345 158 357 .

74 392 195 430 Paret-adium
202 393 229 432 Π.
240 413 266 420 -
274 392 322 433 Pete
330 394 413 444 gratiam
424 404 476 433 verae
487 398 506 432 et
516 395 621 432 fructuosae
634 390 762 442 poenitentiae.

77 483 194 531 Proerna
209 484 227 528 1.
250 507 278 516 -
297 483 424 529 Considera
444 482 545 529 animam
561 488 633 537 tuam,
655 483 680 525 l0
698 494 727 525 ex
744 479 808 525 silvis

47 557 126 601 muudi
146 557 170 600 in
186 555 278 601 vineam
298 557 393 612 domini,
407 557 458 617 ejus
473 556 632 602 misericordia
646 562 669 600 et
684 553 807 614 praedileo-

47 631 117 685 tione,
132 630 270 677 translatam
280 636 304 677 et
312 631 442 691 plantatam
452 631 481 677 ad
491 630 690 685 fructificandum
703 632 728 677 20
741 628 770 674 ab
779 640 806 673 eo

46 719 86 765 per
104 718 129 751 se
149 711 172 751 at
194 720 235 766 per
256 707 392 768 Superiores
411 705 523 754 Vicarios
535 705 658 765 diligenter
679 702 805 761 excultam3

45 783 71 827 3⁰
83 781 186 828 sterilem
196 787 275 831 tamen
287 782 407 840 mansisse,
420 795 466 829 uon
476 781 576 829 triennio
591 781 673 837 solum,
686 781 726 827 sed
740 780 806 840 longe

47 856 144 915 diutins,
158 859 296 912 solisramis
309 866 333 907 et
343 858 588 915 loliis-exuberantem,
599 857 659 905 sorte
670 857 739 903 flores
748 872 806 918 pau-

44 948 93 994 cos
106 936 183 983 nullos
192 936 266 983 honos
276 936 366 983 fructus
382 935 476 992 tulisse;
490 936 516 981 40
527 947 573 981 non
587 933 755 990 infructuosam
767 947 806 980 so-

44 1009 100 1066 lum,
112 1011 152 1057 sed
164 1012 234 1057 etiam
246 1011 339 1058 noxiam
352 1010 425 1057 malos
434 1010 525 1057 fructus
534 1011 685 1070 germinasse.

73 1085 130 1130 Haec
141 1084 219 1131 omma
231 1098 330 1144 agnosce
341 1090 364 1131 et
374 1086 485 1144 expende,
494 1091 517 1129 et
526 1085 580 1130 audi
589 1084 713 1129 Dominum
723 1084 805 1129 merito

43 1165 225 1218 conquerentem
242 1175 247 1202 :
266 1150 326 1216 Quid
338 1158 407 1205 debui
419 1159 480 1205 ultra
492 1158 569 1206 lacere
581 1157 686 1204 ficulneae
701 1157 757 1203 isti‘?
770 1163 805 1202 tot

45 1237 99 1279 steret
114 1233 179 1287 anai,
191 1247 218 1279 aa
234 1247 276 1292 pao
291 1247 366 1294 patara
376 1233 478 1292 forratura
489 1234 514 1278 ia
525 1246 560 1287 aa,
572 1238 594 1278 et
602 1246 653 1277 aaa
666 1231 756 1277 iaoaaa'o
766 1233 803 1289 (a).
854 1230 856 1234 ’

72 1310 189 1357 Pariorum
200 1308 228 1354 Il.
240 1334 268 1343 —
282 1308 407 1355 Considera
418 1309 502 1354 damna
518 1307 572 1353 inde
584 1308 713 1368 sequentia,
728 1312 752 1352 et
762 1322 804 1368 pe·
822 1305 825 1309 ’

43 1384 118 1431 ricula
131 1384 173 1430 tihi
185 1384 339 1433 imminentia.

73 1463 98 1506 l0
107 1461 198 1508 Damna
208 1475 237 1507 ex
246 1465 287 1508 tua
298 1460 421 1522 tepiditate
433 1465 456 1506 et
466 1459 589 1508 sterilitate
597 1465 656 1509 urta.
668 1460 719 1506 Non
729 1459 803 1506 solum

41 1536 140 1596 privasti
149 1537 223 1582 Deum
234 1535 316 1595 gloria,
328 1536 445 1583 Christum
455 1536 532 1581 fructa
540 1535 661 1595 passionis,
674 1537 803 1595 proximam

42 1611 137 1668 alitilia,
151 1610 291 1658 domesticos
304 1611 418 1669 exempla,
429 1610 557 1656 Ecclesiam
565 1610 684 1670 obsequio.
697 1611 803 1658 Societa-

42 1690 89 1730 tem
111 1685 206 1736 honore‚
228 1685 364 1745 Superiores
381 1685 474 1744 gaudio,
500 1690 522 1730 te
544 1686 620 1745 ipsum
641 1685 723 1731 merito
744 1686 803 1732 :sed

41 1760 114 1804 etiam
126 1760 203 1804 omnia
215 1759 314 1819 positive
326 1760 444 1808 contraria
456 1759 530 1805 fecisti
546 1774 551 1803 :
565 1771 617 1819 quae
628 1773 738 1818 percurre
749 1774 803 1806 cum

41 1833 178 1879 confusione
189 1838 213 1879 et
224 1833 376 1899 paenitudine.
636 1839 639 1844 '

71 1912 96 1957 2⁰
108 1907 168 1954 Aridi
179 1908 368 1969 exprobationem
380 1908 473 1957 Domini
487 1923 491 1953 :
513 1909 567 1956 Tres
577 1915 632 1957 satit
643 1909 708 1963 atriti,
721 1923 749 1955 aa
760 1924 801 1969 quo
835 1955 836 1958 ,

40 1984 114 2039 aerulo,
133 1998 236 2045 putaretis
254 1985 355 2045 fraletau
371 1984 396 2030 ia
416 1984 513 2045 fictttrteo
530 1985 580 2040 leuc,
600 1992 620 2032 et
637 2000 682 2031 ttoa
703 1986 799 2033 iactatio.

42 2061 131 2119 Quanto
141 2062 219 2123 plnres
234 2071 287 2109 sunt
303 2077 330 2109 ex
343 2077 388 2123 quo
398 2063 462 2109 venit
475 2063 595 2109 annuatim
613 2076 719 2123 quarens
737 2064 760 2110 in
778 2071 801 2111 te

41 2134 150 2191 fractum,
161 2143 185 2182 et
197 2137 253 2198 quid
261 2138 355 2183 tandem
366 2139 389 2183 iu
400 2143 423 2184 te
434 2137 538 2184 invenit?
547 2137 603 2198 quid
614 2138 674 2183 enim
685 2139 801 2197 protulisti

1 2266 3 2269 Α
41 2200 153 2255 hactenus
170 2212 265 2270 dignam
288 2213 335 2257 Deo
356 2218 379 2257 et
399 2212 508 2259 Christo?
529 2225 628 2270 agnosce
649 2215 801 2261 sterelitatem

40 2288 141 2329 tuamet
154 2285 304 2331 inutilitatem
317 2294 380 2331 tuam
394 2286 455 2332 domi
470 2293 493 2332 et
509 2286 573 2341 loris,
586 2291 610 2332 et
622 2288 770 2335 confundere.

72 2361 97 2403 30
113 2358 224 2404 Ausculta
238 2360 322 2406 Christi
340 2363 479 2407 sententiam
496 2358 632 2407 {Sueaidera
651 2377 703 2423 erpo
717 2365 799 2411 illam:

40 2438 67 2477 at
76 2432 130 2491 putot
142 2429 210 2478 etiam
222 2438 309 2479 terrant
319 2436 427 2494 occupat?
437 2437 530 2483 Revoca
540 2436 563 2481 in
574 2439 717 2495 memoriam,
730 2453 799 2499 quam

40 2507 107 2554 multi
119 2508 210 2555 steriles
220 2508 269 2556 Deo
276 2508 372 2570 jubente
384 2512 455 2558 excisi
467 2512 521 2569 sint,
534 2512 671 2560 eSocietate
683 2514 760 2575 ejecti,
771 2514 800 2562 ab

64 2684 90 2731 (ll
99 2683 144 2723 Lao,
153 2695 193 2722 xta.
456 2689 481 2739 (ἢ)
488 2690 531 2731 Luc.
541 2700 582 2729 xur,
