1715 2908
205 131 320 205 ‘'rnimm
337 146 623 199 nannonnnmen1nos
732 202 734 205 .
775 133 808 183 35

318 290 336 334 1.
354 289 525 336 MEDITATIO.

85 388 90 397 '
129 386 212 431 Trium
221 383 385 444 potentiorem,
399 398 438 430 sert
450 384 476 429 de
488 383 576 442 triptici
585 389 675 443 porceto
687 383 727 443 (itt

70 485 216 522 Proetudicml.
228 483 313 522 -Vide
331 485 436 532 satanam,
454 494 498 522 cum
514 482 556 521 suis
571 486 621 522 sicot
635 487 705 532 sulpur
721 484 746 521 do
761 485 807 520 ooelo

43 536 144 576 cadentem
157 536 194 589 (2).
370 535 371 538 ’

68 608 189 644 Proetudtom
199 606 227 644 ΙΙ.
243 605 326 643 -Pete
339 604 415 655 peccati
425 604 530 655 malitiam
540 608 563 644 ut
572 616 609 656 par
625 610 662 659 est)
675 605 776 646 aestimare
787 609 807 644 et

43 659 144 698 detestari.
352 716 354 719 ᾖ
789 662 790 665 ’

41 791 43 793 ,
72 750 215 797 Ponenonl.
229 775 256 783 —
270 749 395 797 Considera
413 749 515 808 primum
526 749 629 797 omnium
646 755 805 808 peccatorum,

43 824 103 885 qnod
114 829 149 869 est
160 824 308 883 Angelorum,
320 839 403 885 nempe
422 838 436 870 a
452 825 521 885 puris¹
532 825 660 885 spiritibus,
675 824 751 885 gratia
763 838 804 872 or-

44 900 104 947 natis
116 905 139 945 et
148 900 242 959 adjutis,
252 901 277 946 in
294 901 344 959 ipso
356 901 423 956 coeio,
436 901 516 947 statim
533 913 548 946 a
562 900 679 946 creatione
694 901 805 946 commis-

42 988 94 1020 sum
112 979 135 1019 et
152 975 236 1021 Divina
256 974 455 1022 animadversione
473 976 497 1023 in
517 980 631 1021 aeternnm
646 975 755 1034 punitum
765 975 804 1034 (3).

41 1050 91 1095 Hoc
101 1049 158 1095 fides
167 1050 247 1107 docet;
257 1050 333 1104 crede,
348 1051 414 1095 etsie
424 1050 528 1095 discurre
542 1066 548 1093 z

72 1127 97 1169 t⁰
109 1124 133 1170 Si
143 1124 224 1183 Angeli
233 1130 388 1184 peccaverunt
400 1125 424 1169 in
435 1125 501 1181 emto,
516 1130 604 1183 quanto
615 1125 689 1183 magis
699 1124 805 1184 homines

43 1198 171 1258 peccabunt
184 1199 208 1244 in
220 1196 367 1246 terrattime
379 1212 433 1258 ergo
445 1200 488 1245 tibi
500 1204 629 1259 apeccato,
643 1204 667 1245 et
679 1213 737 1247 cave
749 1199 807 1246 diti-

43 1281 131 1332 genter.

72 1352 98 1397 2⁰
108 1346 133 1393 Si
143 1348 205 1394 Dotis
220 1347 312 1409 Adpetis
326 1347 469 1408 percoctibns
483 1363 529 1395 aaa
538 1348 664 1410 perpercit,
675 1363 719 1397 nec
729 1348 806 1396 locum

43 1424 187 1485 poenitentiae
207 1424 313 1485 reliquit3
333 1425 372 1470 scot
391 1425 524 1478 redemtore
543 1425 631 1484 inferni
651 1425 762 1472 detractos
779 1425 806 1471 in

44 1505 159 1548 tortorem
171 1500 271 1548 tradidit
282 1500 416 1547 cruciendos
423 1501 466 1560 (4);
478 1508 565 1562 quanto
577 1503 653 1548 minus
663 1507 744 1562 parcet
755 1516 806 1548 ver-

42 1576 149 1622 miculis?
169 1575 296 1622 ceciderant
313 1576 381 1624 stelio
394 1576 420 1623 de
437 1578 489 1625 emto
499 1577 538 1637 (ὃ),
550 1584 573 1624 et
590 1590 632 1637 ego
655 1577 731 1637 pulvis
744 1576 807 1638 >(inid

41 1651 174 1711 praesumo‘?
686 1713 688 1716 ἵ

72 1731 97 1772 3⁰
117 1728 240 1773 Peccatum
262 1727 356 1772 unicum
377 1733 401 1772 et
419 1733 606 1779 momentaneum
625 1727 706 1775 statim
723 1727 808 1774 aeterni

38 1800 150 1860 supplicii
167 1813 236 1860 poena
252 1807 333 1851 secuta
347 1806 395 1854 est;
416 1801 472 1861 qnid
493 1802 541 1857 fiet,
561 1801 665 1862 pluribus
687 1801 805 1864 gravibus,

43 1876 167 1931 dinturnis,
183 1876 266 1935 saepius
276 1876 375 1931 iteratis,
389 1877 413 1921 in
429 1878 566 1933 sangninem
581 1877 668 1924 Christi
682 1876 808 1925 admissis?

73 1954 99 1995 40
108 1950 170 1996 Heu!
185 1956 273 2008 quanta
286 1952 417 1996 sanctitatis
433 1951 524 1998 Divinae
542 1951 643 2009 puritas!
658 1951 722 1997 illam
738 1964 808 1996 reve-

42 2038 102 2070 rere.
122 2024 215 2081 Quanta
234 2025 333 2084 justitiae
350 2024 474 2071 severitas!
496 2024 575 2081 adora,
589 2031 612 2071 et
627 2025 693 2071 time.
715 2024 808 2081 Quanta

41 2098 134 2145 lethalis
153 2100 229 2158 culpae
253 2100 390 2146 enormitas!
416 2099 561 2155 exhorresce,
575 2104 599 2147 et
621 2098 764 2165 tnemessed
784 2105 808 2146 et

41 2179 130 2234 qiranta
142 2176 165 2219 in
183 2187 221 2219 me
235 2175 325 2221 Divinae
344 2175 509 2221 misericordiae
521 2174 660 2234 benignitas,
675 2188 728 2230 cum
738 2174 809 2220 toties

41 2255 177 2311 peccantem
186 2250 298 2297 hactenus
309 2250 431 2298 sustinuit!
447 2251 516 2298 landa
528 2256 552 2297 et
562 2250 648 2309 exalta,
659 2251 701 2298 sed
711 2250 765 2300 vide
777 2264 807 2297 ne

42 2323 159 2383 ahritaris;
172 2339 227 2372 nam
239 2327 352 2386 patientia
364 2327 419 2375 laesa
430 2326 456 2372 fit
467 2327 539 2384 furor.
728 2316 729 2319 Ἴ

71 2403 188 2452 Panormi
194 2403 222 2449 IL
230 2429 260 2438 —
267 2403 319 2450 Pari
329 2404 397 2450 modo
410 2411 504 2452 versare
514 2405 577 2452 circa
587 2405 716 2452 secundum
728 2418 809 2465 pecca·

42 2482 100 2534 tum,
110 2480 173 2538 quod
184 2485 219 2525 est
234 2480 361 2539 primorum
376 2488 499 2540 parentum
511 2480 536 2525 in
548 2479 657 2541 paradiso
669 2481 707 2541 (6).
720 2480 806 2532 Recole

60 2556 261 2621 (stabilimenta,
457 2577 484 2622 (t)
493 2577 511 2613 11
520 2576 570 2613 retr.
577 2588 601 2614 11.
661 2613 663 2619 ,

62 2620 171 2665 (attineri.
456 2622 605 2667 (intepescunt.

65 2666 93 2712 (3)
100 2666 169 2704 Enoch.
176 2676 241 2705 xxtni.
458 2668 486 2713 (6)
497 2668 602 2706 Genes.111.'
