1715 2908
38 160 88 210 298
303 174 359 208 uras
381 172 536 208 sarcasmus

39 281 99 321 tara
106 273 145 334 tl).
156 272 213 319 Illud
222 285 277 331 ergo
285 273 386 318 ostendit
395 276 483 318 tautam
493 277 633 331 potestatem
640 274 688 332 pari
702 272 800 320 bonitati

40 358 63 397 et
72 349 232 395 beneficentiae
243 361 293 393 esse
302 350 457 408 conjunctam.
466 348 530 394 Hauc
538 348 615 404 lauda,
624 355 647 394 et
657 363 724 409 spera
731 351 754 395 in
764 366 798 397 ea.

70 430 96 474 2⁰
107 425 234 471 Praedicate
246 424 405 482 Evangelium,
416 424 556 483 baptizantes
568 438 603 469 eos
616 424 643 469 ia
654 426 743 470 rioruiua
752 425 801 471 Pa-

40 504 93 558 tris,
105 510 126 550 at
136 502 203 556 Filii,
214 508 234 547 at
245 501 346 560 Spiritus
359 501 435 546 Sancti
450 501 487 559 lt).
502 500 609 546 Doceatcs
626 516 668 555 eos,
681 515 725 546 uon
742 503 802 548 scire

40 582 122 637 solum,
135 580 176 624 sod
188 585 212 624 et
227 592 331 631 servare;
345 591 387 622 uou
406 576 491 635 aliqua,
506 578 545 623 sed
567 578 644 623 armaria
663 593 802 639 qaaecumque

40 655 146 702 auaritiam
157 654 225 700 uobis.
241 654 302 700 Ordo
315 652 532 711 Evangelizautibus
546 654 684 712 servandus,
698 654 802 702 docendo

41 734 69 779 de
80 732 210 784 credendis,
225 730 345 776 credentes
359 728 507 787 baptizando,
519 728 649 788 baptizatos
668 732 802 778 instruendo

41 810 69 855 de
80 807 211 867 praeceptis.

72 887 96 929 3Ο
110 881 154 937 Qut
174 880 296 926 crediderit
314 884 334 923 et
354 879 482 938 baptisatus
497 879 580 937 faerit,
596 882 670 927 suloas
692 883 750 939 arit;
765 883 804 943 qai

41 974 93 1006 aero
102 972 147 1004 riom
157 955 288 1009 crediderit,
301 954 486 999 coridaumabitar
498 955 536 1013 l3).
550 956 630 1015 Cogita
645 957 701 1017 quid
712 958 742 1003 sit
755 959 804 1005 sal-

41 1036 100 1090 vari,
112 1040 135 1079 et
148 1031 265 1078 damnari:
285 1029 340 1089 quid
353 1029 382 1074 ad
395 1029 451 1074 illud
465 1030 583 1089 salgatum
597 1045 638 1076 cur
650 1032 694 1077 hoc
706 1034 804 1079 commi-

42 1116 118 1156 natur.

73 1188 98 1230 40
109 1185 179 1244 Simia
197 1189 272 1229 uatem
292 1195 326 1226 cos
346 1180 385 1239 qai
402 1180 609 1235 caecitatemm
631 1190 752 1242 sequautur
764 1186 803 1242 (4).

43 1263 154 1307 Percurre
163 1258 261 1317 singula,
274 1261 297 1301 et
308 1255 378 1315 imple
387 1255 469 1301 saltem
481 1256 598 1301 moraliter
611 1261 635 1301 et
643 1258 803 1317 spiritualiter.

74 1339 190 1383 Puucrum
202 1334 241 1378 HI.
256 1358 283 1365 -—
302 1330 423 1389 Magnifica
441 1331 573 1389 promissio,
586 1332 634 1376 Deo
651 1332 728 1392 digua,
741 1326 805 1395 elpo-

44 1412 118 1467 stolis,
131 1421 257 1468 eorumque
267 1405 444 1453 successoribus
457 1405 527 1450 lacta.

74 1489 100 1531 l⁰
111 1487 213 1542 Emeepo
228 1480 393 1540 [Deus-Homo)
410 1480 522 1525 vobiscum
539 1494 589 1525 sam
609 1481 804 1542 (praedicantibus,

44 1558 222 1622 baptizantibus)
234 1555 335 1602 amitibus
354 1554 430 1601 aiebas
440 1555 551 1614 (adeoque
564 1568 656 1616 semper
668 1563 691 1602 et
707 1560 756 1606 siue
769 1563 806 1606 iu-

45 1637 197 1690 termissiouel
210 1645 277 1691 usqae
295 1631 324 1676 aa
338 1630 548 1677 colisammutiomam
560 1631 635 1677 saculi
654 1634 691 1691 (5),
708 1634 757 1692 [boc
772 1643 807 1681 ost

45 1726 118 1773 usque
131 1710 161 1756 ad
172 1710 240 1755 linem
253 1706 340 1766 muudi)
349 1707 454 1766 adeoque
464 1720 516 1751 cum
528 1708 705 1754 Successoribus
714 1714 805 1763 uestris,

45 1790 107 1836 omui
125 1796 228 1847 tempore
244 1784 337 1829 futuris.
359 1783 417 1843 Hinc
439 1789 551 1843 perpetua
574 1783 684 1831 Ecclesiae
706 1776 805 1845 duratio,

47 1863 177 1916 visibilitas,
198 1866 221 1906 et
239 1865 353 1921 perpetua
364 1859 407 1905 Dei
425 1859 559 1905 assistentia
582 1859 712 1907 invisibilis.
726 1863 805 1920 Crete,

46 1954 122 2001 spera,
137 1939 225 1985 laetare.

77 2021 102 2064 20
116 2016 197 2074 Cogita
210 2025 263 2074 quae
273 2018 296 2059 el
307 2011 382 2072 qualis
393 2010 447 2056 iude
457 2009 528 2056 luerit
539 2010 702 2070 Apostolorum
714 2013 807 2072 fiducia,

48 2098 134 2153 atquae
153 2095 232 2137 nostra
249 2101 300 2134 esse
314 2087 411 2144 debeam
425 2100 479 2133 nam
497 2093 521 2132 et
539 2086 569 2133 ad
585 2100 627 2133 uos
647 2096 738 2149 spectat
756 2105 813 2150 pro-i

48 2170 136 2214 missio.
604 2207 605 2210 ,

79 2248 105 2289 3⁰
113 2245 154 2288 Est
164 2249 242 2288 autem
254 2240 359 2286 Christus
375 2239 503 2294 nobiscum,
518 2252 565 2300 qua
580 2240 642 2303 Deus
662 2248 685 2288 et
701 2242 768 2288 homo
788 2245 811 2288 iu

49 2322 210 2374 Sacrament03
224 2318 247 2361 in
259 2328 355 2374 corpora
364 2314 482 2370 Ecclesia,
496 2328 537 2374 per
550 2315 673 2374 specialem
686 2320 812 2377 providea-

49 2398 119 2450 tiam3
131 2408 155 2439 m
163 2393 233 2454 justis
245 2405 287 2452 per
301 2392 400 2452 gratiam
416 2389 559 2438 habitualem
574 2392 769 2450 sanctificantem
789 2396 811 2440 in

51 2471 165 2525 fidelibus,
178 2482 219 2529 per
231 2468 300 2513 fidem
311 2471 334 2512 et
344 2467 443 2526 gratiam
455 2466 579 2512 actualem.

74 2621 101 2663 (l)
109 2620 166 2656 lllaro.
178 2629 216 2654 xri.
407 2602 409 2607 Ι
468 2617 494 2662 (t)
502 2616 561 2653 blare.
571 2627 609 2653 rvi.

74 2666 99 2710 (bl
108 2665 175 2707 blatllr.
184 2673 248 2701 xxviii.
469 2663 495 2710 (5)
504 2663 573 2700 llatttr.
583 2672 645 2700 xxiiii.

75 2710 99 2757 (3]
109 2711 168 2750 blare.
177 2719 214 2747 xri.
