1715 2908
52 130 103 178 276
242 143 319 177 ‘nnus
332 142 469 178 vrensmius
499 142 618 176 ocruvos.

83 240 237 287 Ponoruull.
251 265 280 272 -
295 239 425 300 Applicatio
441 230 568 286 Paruho'lae.
581 231 678 285 Omnem
697 238 815 306 fictionem

53 316 124 362 istam
134 316 200 375 longe
212 316 303 362 excedit
315 316 412 377 simplex
424 315 521 362 veritas.
534 315 599 373 Quod
613 328 680 365 nemo
695 313 815 361 hominum

54 390 198 451 pronomine
210 390 287 437 facere
298 391 375 446 vellet,
387 391 431 437 hoc
443 390 519 451 ipsum
531 392 593 436 Deus
604 390 653 449 ipse
664 402 705 449 pro
713 390 816 450 quolibet

53 467 146 512 homine
158 466 233 516 facere
244 466 353 524 dignatus
364 472 407 511 est.

61 593 63 596 .
85 543 110 584 t⁰
121 541 177 597 Quis
187 540 226 585 ille
242 554 323 586 servus
340 541 369 585 ad
386 539 568 598 Registrtunnet
585 539 694 585 delatus?
708 553 749 598 ego
767 539 816 599 ipse

54 629 105 661 sum
120 615 228 661 :delatus
246 628 292 660 non
309 615 397 661 incerta
415 614 484 669 fama,
500 615 541 660 sed
556 610 671 661 factorum
690 614 815 660 evidentia.

54 691 110 749 Ego,
129 691 249 735 convictus
268 697 291 735 et
309 689 435 746 confessus,
455 689 587 735 declaratus
609 702 661 735 sum
683 702 735 733 reus
755 689 817 735 laesae

54 766 183 823 Maiestatis
197 764 289 813 divinae,
304 778 349 810 non
366 764 389 808 in
409 776 463 821 uno,
477 763 521 809 sed·
535 763 558 808 in
579 763 658 809 multis
674 764 816 820 innumeris3

52 839 182 898 justissime
194 838 369 893 condemnatus,
384 851 430 883 non
444 837 566 897 temporali
579 839 700 897 supplicio,
713 840 753 884 sed
764 852 817 884 oar—

56 913 104 959 ceri
115 920 138 959 et
154 913 201 972 igni
218 921 318 968 aeterno;
333 926 386 959 mox
398 913 542 959 daemonibus
551 914 649 971 Justrtiae
667 913 752 959 divinae
773 914 818 958 mi·

55 989 136 1033 nistris
153 988 287 1043 tradendus,
300 988 323 1032 in
340 992 454 1034 tartarum
471 987 637 1042 detrudendus,
652 987 697 1034 nisi
720 1002 761 1047 pro
781 1002 818 1034 me

56 1062 189 1121 unigenitus
202 1062 242 1108 Dei
255 1062 326 1108 Filius
338 1063 478 1108 intercessor
489 1069 513 1107 et
525 1071 645 1123 sequester
656 1064 787 1109 accederet.

87 1142 113 1183 20
124 1138 163 1183 Ille
176 1138 225 1198 ipse
238 1143 273 1184 est
284 1138 390 1198 princeps
400 1138 470 1196 Regis
489 1152 578 1197 regum,
589 1137 662 1183 Filius
676 1139 816 1198 unigenitus,

56 1213 162 1273 splendor
174 1214 262 1268 Putris,
276 1221 297 1260 et
310 1214 386 1274 fipuru
403 1213 535 1259 substantie
553 1215 609 1273 ejus,
620 1228 684 1274 quem
702 1215 819 1261 constituit

57 1289 165 1334 teretem
179 1289 338 1334 uniuersorum
350 1288 388 1348 (t),
400 1289 440 1348 qui
456 1302 497 1348 pro
511 1302 576 1348 pace,
590 1288 778 1336 reconciliatione
797 1295 820 1335 et

58 1364 134 1410 salute
148 1378 200 1409 mea
218 1365 362 1410 interventor
379 1364 482 1420 exstitit3
496 1371 520 1409 et
537 1378 590 1410 cum
610 1378 638 1409 ex
655 1364 705 1424 lege
722 1366 820 1424 justitiae

59 1441 145 1486 divinae
158 1441 207 1484 sine
222 1439 381 1484 satisfactione
393 1439 461 1486 venia
474 1439 572 1485 obtineri
585 1454 630 1484 non
642 1446 727 1501 posset,
740 1455 765 1486 se
783 1442 820 1499 ip-

59 1529 110 1561 sum
125 1515 154 1560 ad
172 1514 361 1560 satisfaciendum
374 1514 465 1570 obtulit,
477 1520 501 1559 et
520 1529 561 1574 per
578 1522 675 1560 mortem
687 1520 710 1561 et
728 1529 821 1561 crucem

59 1603 126 1635 suam
139 1595 234 1636 aetornae
251 1590 320 1634 morti
333 1595 438 1648 ereptum
450 1589 473 1634 in
485 1589 570 1636 Filium
581 1590 624 1635 Dei
641 1591 775 1650 adoptivum
798 1598 821 1636 ct

59 1664 176 1711 haeredem
189 1664 254 1722 regni
266 1662 368 1710 coelestis
380 1677 417 1708 me
428 1664 512 1709 evexit.
685 1655 686 1658 ¹

90 1743 116 1785 3⁰
128 1740 164 1785 Ad
174 1740 219 1784 hoc
226 1739 355 1784 humiliavit
364 1739 566 1798 semetipsum,imo
576 1739 712 1794 exinanivit,
723 1740 822 1798 formum

60 1815 121 1861 serui
138 1814 258 1874 occipiens,
272 1813 346 1872 fuctus
359 1813 461 1859 obediens
481 1828 550 1874 usque
569 1815 599 1859 od
615 1822 717 1869 mortem,
729 1822 823 1861 mortem

61 1896 137 1936 actem
147 1889 220 1935 cruris
232 1889 269 1948 (2),
283 1902 324 1949 pro
335 1902 371 1934 me
388 1889 534 1940 intercedens
547 1903 596 1935 curn
608 1890 704 1935 claruere
714 1883 789 1937 ualido
802 1898 823 1937 et

62 1966 167 2026 lucrymis
181 1964 301 2011 exauditus
316 1980 359 2024 pro
372 1979 414 2010 sun
426 1965 560 2012 reverentio-
568 1966 607 2024 (3).
617 1965 677 2023 Quid
690 1980 744 2026 ergo
753 1969 823 2012 retri-

61 2043 131 2089 buam
145 2042 174 2097 ei,
186 2042 226 2102 qui
236 2041 316 2087 dilectit
329 2055 372 2096 nie,
383 2048 405 2088 et
418 2041 516 2087 tradidit
525 2042 665 2101 sernett'psum
676 2057 719 2103 pro
729 2057 763 2089 me
777 2043 823 2103 (dil

63 2119 173 2166 Oamore
187 2118 273 2164 amoris
290 2117 321 2161 tui
342 2119 435 2172 moriar,
449 2118 495 2177 qni>
510 2131 588 2167 amore
607 2119 652 2163 mei
673 2119 783 2178 dignatus
800 2133 824 2164 es

63 2193 135 2240 morit
150 2199 173 2240 et
184 2193 204 2240 si
214 2192 298 2238 millies
310 2192 403 2247 moriar,
417 2192 477 2239 hanc
487 2206 558 2246 unam
570 2193 670 2239 mortem
686 2200 751 2241 tuam
763 2208 825 2240 nun-

63 2283 133 2331 quam
146 2267 310 2328 compensabo.
636 2318 638 2320 ,

94 2349 120 2393 4⁰
136 2347 199 2391 Deus
219 2347 295 2399 Pater,
305 2346 354 2391 Rex
370 2358 460 2405 regum,
474 2351 498 2390 et
516 2346 629 2392 Dominus
647 2347 824 2400 dominantium,

64 2422 145 2479 tinere,
153 2422 216 2468 nulla
228 2422 352 2481 sponsione
365 2431 404 2467 aut
417 2422 557 2469 necessitate
568 2423 672 2479 adactus
683 2424 723 2470 sed
733 2437 774 2483 pro
785 2435 827 2469 sua

63 2499 150 2559 insigni
161 2497 274 2553 bonitate,
289 2502 313 2544 et
322 2504 419 2557 propter
430 2497 526 2545 nimium
539 2499 672 2547 charitatem
687 2513 730 2559 quo
748 2497 828 2545 diluerit

88 2619 115 2664 (l)
126 2617 184 2655 Heln.
194 2628 210 2655 i.
482 2620 509 2665 (3)
518 2619 576 2656 Hehr.
584 2630 604 2656 r.

88 2664 116 2709 (2,Ι
124 2664 193 2710 Philip,
204 2674 224 2701 rr.
484 2665 509 2712 (i)
518 2664 586 2711 Ephes.
595 2676 613 2702 v·
628 2702 630 2704 ,
