<?xml version="1.0" encoding="UTF-8"?>
<!DOCTYPE html PUBLIC "-//W3C//DTD XHTML 1.0 Transitional//EN"
    "http://www.w3.org/TR/xhtml1/DTD/xhtml1-transitional.dtd">
<html xmlns="http://www.w3.org/1999/xhtml" xml:lang="en" lang="en">
 <head>
  <title>
</title>
<meta http-equiv="Content-Type" content="text/html;charset=utf-8" />
  <meta name='ocr-system' content='tesseract 3.04.00' />
  <meta name='ocr-capabilities' content='ocr_page ocr_carea ocr_par ocr_line ocrx_word'/>
</head>
<body>
  <div class='ocr_page' id='page_1' title='image "MN5052ucmf_3_0269.png"; bbox 0 0 1715 2908; ppageno 0'>
   <div class='ocr_carea' id='block_1_1' title="bbox 48 150 596 202">
    <p class='ocr_par' dir='ltr' id='par_1_1' title="bbox 48 150 596 202">
     <span class='ocr_line' id='line_1_1' title="bbox 48 150 596 202; baseline -0.002 -2"><span class='ocrx_word' id='word_1_1' title='bbox 48 152 98 202; x_wconf 76' lang='lat'>256</span> <span class='ocrx_word' id='word_1_2' title='bbox 238 150 248 176; x_wconf 72' lang='lat'>¹</span> <span class='ocrx_word' id='word_1_3' title='bbox 263 165 319 199; x_wconf 74' lang='lat' dir='ltr'>nius</span> <span class='ocrx_word' id='word_1_4' title='bbox 339 165 478 200; x_wconf 79' lang='lat' dir='ltr'>iuenstntus</span> <span class='ocrx_word' id='word_1_5' title='bbox 501 164 596 199; x_wconf 77' lang='lat' dir='ltr'>sununs</span> 
     </span>
    </p>
   </div>
   <div class='ocr_carea' id='block_1_2' title="bbox 8 263 826 1303">
    <p class='ocr_par' dir='ltr' id='par_1_2' title="bbox 49 263 811 463">
     <span class='ocr_line' id='line_1_2' title="bbox 50 263 810 324; baseline 0 -13"><span class='ocrx_word' id='word_1_6' title='bbox 50 279 121 321; x_wconf 80' lang='lat' dir='ltr'>mare,</span> <span class='ocrx_word' id='word_1_7' title='bbox 138 268 161 310; x_wconf 86' lang='lat' dir='ltr'>et</span> <span class='ocrx_word' id='word_1_8' title='bbox 180 263 274 309; x_wconf 85' lang='lat' dir='ltr'>uberem</span> <span class='ocrx_word' id='word_1_9' title='bbox 293 264 430 310; x_wconf 83' lang='lat' dir='ltr'>concionum</span> <span class='ocrx_word' id='word_1_10' title='bbox 448 263 549 308; x_wconf 82' lang='lat' dir='ltr'>fructum</span> <span class='ocrx_word' id='word_1_11' title='bbox 568 277 693 324; x_wconf 75' lang='lat' dir='ltr'>procurare</span> <span class='ocrx_word' id='word_1_12' title='bbox 715 271 810 324; x_wconf 81' lang='lat' dir='ltr'>queant.</span> 
     </span>
     <span class='ocr_line' id='line_1_3' title="bbox 49 328 811 401; baseline 0.001 -15"><span class='ocrx_word' id='word_1_13' title='bbox 49 342 160 401; x_wconf 79' lang='lat' dir='ltr'>Adeoque</span> <span class='ocrx_word' id='word_1_14' title='bbox 178 351 267 384; x_wconf 80' lang='lat' dir='ltr'>morose</span> <span class='ocrx_word' id='word_1_15' title='bbox 280 338 392 398; x_wconf 83' lang='lat' dir='ltr'>legendae,</span> <span class='ocrx_word' id='word_1_16' title='bbox 406 328 487 384; x_wconf 71' lang='lat' dir='ltr'>intime</span> <span class='ocrx_word' id='word_1_17' title='bbox 499 339 655 399; x_wconf 69' lang='lat' dir='ltr'>penetrandae,</span> <span class='ocrx_word' id='word_1_18' title='bbox 667 347 690 385; x_wconf 84' lang='lat' dir='ltr'>et</span> <span class='ocrx_word' id='word_1_19' title='bbox 703 353 811 387; x_wconf 78' lang='lat' dir='ltr'>accuratu</span> 
     </span>
     <span class='ocr_line' id='line_1_4' title="bbox 50 416 273 463; baseline -0.009 0"><span class='ocrx_word' id='word_1_20' title='bbox 50 424 103 463; x_wconf 91' lang='lat' dir='ltr'>sunt</span> <span class='ocrx_word' id='word_1_21' title='bbox 114 416 273 463; x_wconf 80' lang='lat' dir='ltr'>observandae.</span> 
     </span>
    </p>

    <p class='ocr_par' dir='ltr' id='par_1_3' title="bbox 8 491 826 1303">
     <span class='ocr_line' id='line_1_5' title="bbox 80 491 811 552; baseline 0 -14"><span class='ocrx_word' id='word_1_22' title='bbox 80 496 106 538; x_wconf 80' lang='grc' dir='ltr'>3ο</span> <span class='ocrx_word' id='word_1_23' title='bbox 125 494 169 538; x_wconf 79' lang='lat' dir='ltr'>Pro</span> <span class='ocrx_word' id='word_1_24' title='bbox 189 491 338 537; x_wconf 82' lang='lat' dir='ltr'>missionibus</span> <span class='ocrx_word' id='word_1_25' title='bbox 360 491 472 552; x_wconf 79' lang='lat' dir='ltr'>speciales</span> <span class='ocrx_word' id='word_1_26' title='bbox 493 492 580 552; x_wconf 80' lang='lat' dir='ltr'>regulae</span> <span class='ocrx_word' id='word_1_27' title='bbox 597 492 712 537; x_wconf 82' lang='lat' dir='ltr'>habentur</span> <span class='ocrx_word' id='word_1_28' title='bbox 728 494 811 552; x_wconf 81' lang='lat' dir='ltr'>uiginti</span> 
     </span>
     <span class='ocr_line' id='line_1_6' title="bbox 50 566 813 627; baseline -0.001 -13"><span class='ocrx_word' id='word_1_29' title='bbox 50 573 147 627; x_wconf 82' lang='lat' dir='ltr'>septem,</span> <span class='ocrx_word' id='word_1_30' title='bbox 161 567 185 611; x_wconf 86' lang='lat' dir='ltr'>in</span> <span class='ocrx_word' id='word_1_31' title='bbox 198 567 282 625; x_wconf 85' lang='lat' dir='ltr'>quibus</span> <span class='ocrx_word' id='word_1_32' title='bbox 295 580 374 612; x_wconf 90' lang='lat' dir='ltr'>omnes</span> <span class='ocrx_word' id='word_1_33' title='bbox 385 566 432 612; x_wconf 82' lang='lat' dir='ltr'>fere</span> <span class='ocrx_word' id='word_1_34' title='bbox 444 567 581 612; x_wconf 85' lang='lat' dir='ltr'>missionum</span> <span class='ocrx_word' id='word_1_35' title='bbox 591 574 670 626; x_wconf 76' lang='lat' dir='ltr'>pantes</span> <span class='ocrx_word' id='word_1_36' title='bbox 683 573 706 613; x_wconf 84' lang='lat' dir='ltr'>et</span> <span class='ocrx_word' id='word_1_37' title='bbox 718 567 813 614; x_wconf 83' lang='lat' dir='ltr'>circnm-</span> 
     </span>
     <span class='ocr_line' id='line_1_7' title="bbox 50 640 812 702; baseline 0.003 -15"><span class='ocrx_word' id='word_1_38' title='bbox 50 643 144 688; x_wconf 83' lang='lat' dir='ltr'>stantiae</span> <span class='ocrx_word' id='word_1_39' title='bbox 162 640 308 699; x_wconf 77' lang='lat' dir='ltr'>attinguntur</span> <span class='ocrx_word' id='word_1_40' title='bbox 321 649 344 687; x_wconf 88' lang='lat' dir='ltr'>et</span> <span class='ocrx_word' id='word_1_41' title='bbox 366 640 505 686; x_wconf 82' lang='lat' dir='ltr'>missionanii</span> <span class='ocrx_word' id='word_1_42' title='bbox 520 642 678 699; x_wconf 78' lang='lat' dir='ltr'>instruuntur,</span> <span class='ocrx_word' id='word_1_43' title='bbox 693 648 763 702; x_wconf 85' lang='lat' dir='ltr'>atque</span> <span class='ocrx_word' id='word_1_44' title='bbox 784 645 812 689; x_wconf 90' lang='lat' dir='ltr'>ad</span> 
     </span>
     <span class='ocr_line' id='line_1_8' title="bbox 50 709 825 773; baseline -0.001 -11"><span class='ocrx_word' id='word_1_45' title='bbox 50 716 210 762; x_wconf 79' lang='lat' dir='ltr'>admirabilem</span> <span class='ocrx_word' id='word_1_46' title='bbox 222 717 359 760; x_wconf 77' lang='lat' dir='ltr'>missionum</span> <span class='ocrx_word' id='word_1_47' title='bbox 371 715 471 760; x_wconf 83' lang='lat' dir='ltr'>fructum</span> <span class='ocrx_word' id='word_1_48' title='bbox 483 715 621 773; x_wconf 80' lang='lat' dir='ltr'>diriguntur.</span> <span class='ocrx_word' id='word_1_49' title='bbox 823 709 825 711; x_wconf 39' lang='lat'>¹</span> 
     </span>
     <span class='ocr_line' id='line_1_9' title="bbox 62 790 814 848; baseline 0.004 -13"><span class='ocrx_word' id='word_1_50' title='bbox 62 796 64 800; x_wconf 59' lang='lat'><em>⁴</em></span> <span class='ocrx_word' id='word_1_51' title='bbox 80 793 160 836; x_wconf 82' lang='lat' dir='ltr'>Potest</span> <span class='ocrx_word' id='word_1_52' title='bbox 169 797 193 835; x_wconf 85' lang='lat' dir='ltr'>et</span> <span class='ocrx_word' id='word_1_53' title='bbox 203 790 299 848; x_wconf 81' lang='lat' dir='ltr'>singulis</span> <span class='ocrx_word' id='word_1_54' title='bbox 316 790 370 835; x_wconf 90' lang='lat' dir='ltr'>addi</span> <span class='ocrx_word' id='word_1_55' title='bbox 385 790 462 848; x_wconf 85' lang='lat' dir='ltr'>aliqua</span> <span class='ocrx_word' id='word_1_56' title='bbox 473 790 597 835; x_wconf 76' lang='lat' dir='ltr'>methodus</span> <span class='ocrx_word' id='word_1_57' title='bbox 614 790 744 838; x_wconf 84' lang='lat' dir='ltr'>functiones</span> <span class='ocrx_word' id='word_1_58' title='bbox 763 792 814 838; x_wconf 89' lang='lat' dir='ltr'>illas</span> 
     </span>
     <span class='ocr_line' id='line_1_10' title="bbox 51 863 814 926; baseline -0.001 -15"><span class='ocrx_word' id='word_1_59' title='bbox 51 866 159 919; x_wconf 86' lang='lat' dir='ltr'>obeundi,</span> <span class='ocrx_word' id='word_1_60' title='bbox 174 873 197 909; x_wconf 86' lang='lat' dir='ltr'>et</span> <span class='ocrx_word' id='word_1_61' title='bbox 210 865 308 923; x_wconf 76' lang='lat' dir='ltr'>proponi</span> <span class='ocrx_word' id='word_1_62' title='bbox 326 878 367 923; x_wconf 78' lang='lat' dir='ltr'>pro</span> <span class='ocrx_word' id='word_1_63' title='bbox 380 863 476 922; x_wconf 82' lang='lat' dir='ltr'>singulis</span> <span class='ocrx_word' id='word_1_64' title='bbox 488 865 591 922; x_wconf 72' lang='lat' dir='ltr'>exempla</span> <span class='ocrx_word' id='word_1_65' title='bbox 605 865 698 919; x_wconf 77' lang='lat' dir='ltr'>Christi,</span> <span class='ocrx_word' id='word_1_66' title='bbox 713 869 814 926; x_wconf 85' lang='lat' dir='ltr'>Aposto-</span> 
     </span>
     <span class='ocr_line' id='line_1_11' title="bbox 52 938 826 1000; baseline 0 -15"><span class='ocrx_word' id='word_1_67' title='bbox 52 953 110 996; x_wconf 67' lang='lat' dir='ltr'>rum,</span> <span class='ocrx_word' id='word_1_68' title='bbox 127 940 255 986; x_wconf 77' lang='lat' dir='ltr'>aliorumve</span> <span class='ocrx_word' id='word_1_69' title='bbox 265 939 402 985; x_wconf 76' lang='lat' dir='ltr'>Sanctorum</span> <span class='ocrx_word' id='word_1_70' title='bbox 417 940 455 998; x_wconf 81' lang='lat' dir='ltr'>qui</span> <span class='ocrx_word' id='word_1_71' title='bbox 470 938 521 984; x_wconf 89' lang='lat' dir='ltr'>illas</span> <span class='ocrx_word' id='word_1_72' title='bbox 533 939 663 985; x_wconf 80' lang='lat' dir='ltr'>functiones</span> <span class='ocrx_word' id='word_1_73' title='bbox 674 954 726 986; x_wconf 88' lang='lat' dir='ltr'>cum</span> <span class='ocrx_word' id='word_1_74' title='bbox 737 942 826 1000; x_wconf 21' lang='lat' dir='ltr'>digni-¹</span> 
     </span>
     <span class='ocr_line' id='line_1_12' title="bbox 8 1016 815 1078; baseline 0.006 -19"><span class='ocrx_word' id='word_1_75' title='bbox 8 1047 13 1059; x_wconf 73' lang='grc'><em>,</em></span> <span class='ocrx_word' id='word_1_76' title='bbox 53 1025 101 1064; x_wconf 83' lang='lat' dir='ltr'>tate</span> <span class='ocrx_word' id='word_1_77' title='bbox 111 1025 134 1063; x_wconf 85' lang='lat' dir='ltr'>et</span> <span class='ocrx_word' id='word_1_78' title='bbox 150 1016 228 1062; x_wconf 82' lang='lat' dir='ltr'>fructu</span> <span class='ocrx_word' id='word_1_79' title='bbox 240 1016 346 1062; x_wconf 87' lang='lat' dir='ltr'>obierunt</span> <span class='ocrx_word' id='word_1_80' title='bbox 360 1031 365 1060; x_wconf 82' lang='lat' dir='ltr'><strong><em>z</em></strong></span> <span class='ocrx_word' id='word_1_81' title='bbox 381 1024 405 1061; x_wconf 87' lang='lat' dir='ltr'>ut</span> <span class='ocrx_word' id='word_1_82' title='bbox 418 1023 512 1062; x_wconf 85' lang='lat' dir='ltr'>sanctus</span> <span class='ocrx_word' id='word_1_83' title='bbox 523 1017 624 1061; x_wconf 83' lang='lat' dir='ltr'>loannes</span> <span class='ocrx_word' id='word_1_84' title='bbox 637 1017 815 1078; x_wconf 77' lang='lat' dir='ltr'>chrysostomus</span> 
     </span>
     <span class='ocr_line' id='line_1_13' title="bbox 52 1091 815 1152; baseline 0 -14"><span class='ocrx_word' id='word_1_85' title='bbox 52 1099 76 1138; x_wconf 86' lang='lat' dir='ltr'>et</span> <span class='ocrx_word' id='word_1_86' title='bbox 92 1097 187 1139; x_wconf 87' lang='lat' dir='ltr'>sanctus</span> <span class='ocrx_word' id='word_1_87' title='bbox 203 1093 285 1137; x_wconf 81' lang='lat' dir='ltr'>Petrus</span> <span class='ocrx_word' id='word_1_88' title='bbox 303 1091 466 1152; x_wconf 62' lang='lat' dir='ltr'>chrysologus,</span> <span class='ocrx_word' id='word_1_89' title='bbox 481 1104 522 1150; x_wconf 80' lang='lat' dir='ltr'>pro</span> <span class='ocrx_word' id='word_1_90' title='bbox 542 1091 704 1149; x_wconf 86' lang='lat' dir='ltr'>concionibus;</span> <span class='ocrx_word' id='word_1_91' title='bbox 721 1100 815 1139; x_wconf 81' lang='lat' dir='ltr'>sanctus</span> 
     </span>
     <span class='ocr_line' id='line_1_14' title="bbox 52 1166 815 1225; baseline 0 -11"><span class='ocrx_word' id='word_1_92' title='bbox 52 1168 188 1215; x_wconf 79' lang='lat' dir='ltr'>Vincentius</span> <span class='ocrx_word' id='word_1_93' title='bbox 210 1167 337 1221; x_wconf 66' lang='lat' dir='ltr'>bernerius,</span> <span class='ocrx_word' id='word_1_94' title='bbox 360 1172 455 1212; x_wconf 81' lang='lat' dir='ltr'>sanctus</span> <span class='ocrx_word' id='word_1_95' title='bbox 482 1166 617 1213; x_wconf 79' lang='lat' dir='ltr'>Franciscus</span> <span class='ocrx_word' id='word_1_96' title='bbox 644 1169 768 1225; x_wconf 69' lang='lat' dir='ltr'>xaverius,</span> <span class='ocrx_word' id='word_1_97' title='bbox 793 1176 815 1216; x_wconf 87' lang='lat' dir='ltr'>et</span> 
     </span>
     <span class='ocr_line' id='line_1_15' title="bbox 53 1243 716 1303; baseline -0.002 -13"><span class='ocrx_word' id='word_1_98' title='bbox 53 1249 148 1291; x_wconf 86' lang='lat' dir='ltr'>sanctus</span> <span class='ocrx_word' id='word_1_99' title='bbox 157 1244 257 1289; x_wconf 85' lang='lat' dir='ltr'>loannes</span> <span class='ocrx_word' id='word_1_100' title='bbox 267 1243 404 1289; x_wconf 84' lang='lat' dir='ltr'>Franciscus</span> <span class='ocrx_word' id='word_1_101' title='bbox 415 1243 492 1302; x_wconf 76' lang='lat' dir='ltr'>Regis,</span> <span class='ocrx_word' id='word_1_102' title='bbox 508 1257 548 1303; x_wconf 84' lang='lat' dir='ltr'>pro</span> <span class='ocrx_word' id='word_1_103' title='bbox 559 1244 716 1291; x_wconf 84' lang='lat' dir='ltr'>missionibus.</span> 
     </span>
    </p>
   </div>
   <div class='ocr_carea' id='block_1_3' title="bbox 168 1526 704 1688">
    <p class='ocr_par' dir='ltr' id='par_1_4' title="bbox 168 1526 704 1688">
     <span class='ocr_line' id='line_1_16' title="bbox 199 1526 667 1600; baseline 0.004 -20"><span class='ocrx_word' id='word_1_104' title='bbox 199 1527 283 1580; x_wconf 74' lang='lat' dir='ltr'>Dius</span> <span class='ocrx_word' id='word_1_105' title='bbox 304 1526 503 1600; x_wconf 82' lang='lat' dir='ltr'>VIGESIMUS</span> <span class='ocrx_word' id='word_1_106' title='bbox 525 1526 667 1582; x_wconf 82' lang='lat' dir='ltr'>SEXTUS</span> 
     </span>
     <span class='ocr_line' id='line_1_17' title="bbox 168 1642 704 1688; baseline 0.004 -10"><span class='ocrx_word' id='word_1_107' title='bbox 168 1642 294 1678; x_wconf 69' lang='lat' dir='ltr'>nummu</span> <span class='ocrx_word' id='word_1_108' title='bbox 321 1642 528 1678; x_wconf 75' lang='lat' dir='ltr'>HuBnoMAnAE</span> <span class='ocrx_word' id='word_1_109' title='bbox 556 1643 704 1688; x_wconf 76' lang='lat' dir='ltr'><strong>QUARTUS</strong></span> 
     </span>
    </p>
   </div>
   <div class='ocr_carea' id='block_1_4' title="bbox 212 1714 615 1782">
    <p class='ocr_par' dir='ltr' id='par_1_5' title="bbox 212 1714 615 1782">
     <span class='ocr_line' id='line_1_18' title="bbox 212 1714 615 1782; baseline 0 -19"><span class='ocrx_word' id='word_1_110' title='bbox 212 1731 213 1734; x_wconf 73' lang='grc'>’</span> <span class='ocrx_word' id='word_1_111' title='bbox 259 1714 369 1782; x_wconf 72' lang='lat' dir='ltr'>sonituum</span> <span class='ocrx_word' id='word_1_112' title='bbox 383 1733 496 1764; x_wconf 58' lang='lat' dir='ltr'>cumsm&#39;in</span> <span class='ocrx_word' id='word_1_113' title='bbox 508 1735 615 1764; x_wconf 72' lang='lat' dir='ltr'>nnmnonio</span> 
     </span>
    </p>
   </div>
   <div class='ocr_carea' id='block_1_5' title="bbox 55 1813 816 1953">
    <p class='ocr_par' dir='ltr' id='par_1_6' title="bbox 55 1813 816 1953">
     <span class='ocr_line' id='line_1_19' title="bbox 85 1813 816 1877; baseline 0.001 -14"><span class='ocrx_word' id='word_1_114' title='bbox 85 1816 198 1877; x_wconf 81' lang='lat' dir='ltr'>Apluato</span> <span class='ocrx_word' id='word_1_115' title='bbox 215 1813 279 1874; x_wconf 79' lang='lat' dir='ltr'>pedis</span> <span class='ocrx_word' id='word_1_116' title='bbox 294 1815 404 1875; x_wconf 81' lang='lat' dir='ltr'>usquead</span> <span class='ocrx_word' id='word_1_117' title='bbox 419 1814 524 1862; x_wconf 77' lang='lat' dir='ltr'>oeuticem</span> <span class='ocrx_word' id='word_1_118' title='bbox 538 1828 585 1876; x_wconf 76' lang='lat' dir='ltr'>uuit</span> <span class='ocrx_word' id='word_1_119' title='bbox 605 1820 635 1861; x_wconf 80' lang='lat' dir='ltr'>act</span> <span class='ocrx_word' id='word_1_120' title='bbox 648 1815 672 1860; x_wconf 82' lang='lat' dir='ltr'>itt</span> <span class='ocrx_word' id='word_1_121' title='bbox 686 1814 709 1861; x_wconf 79' lang='lat' dir='ltr'>eo</span> <span class='ocrx_word' id='word_1_122' title='bbox 723 1818 816 1874; x_wconf 74' lang='lat' dir='ltr'>sanutus,</span> 
     </span>
     <span class='ocr_line' id='line_1_20' title="bbox 55 1892 285 1953; baseline -0.013 -14"><span class='ocrx_word' id='word_1_123' title='bbox 55 1907 124 1953; x_wconf 81' lang='lat' dir='ltr'>aeque</span> <span class='ocrx_word' id='word_1_124' title='bbox 135 1892 208 1938; x_wconf 79' lang='lat' dir='ltr'>decor.</span> <span class='ocrx_word' id='word_1_125' title='bbox 222 1892 253 1937; x_wconf 85' lang='lat' dir='ltr'>ts.</span> <span class='ocrx_word' id='word_1_126' title='bbox 268 1904 285 1937; x_wconf 85' lang='lat'>1.</span> 
     </span>
    </p>
   </div>
   <div class='ocr_carea' id='block_1_6' title="bbox 334 2045 575 2204">
    <p class='ocr_par' dir='ltr' id='par_1_7' title="bbox 334 2045 575 2204">
     <span class='ocr_line' id='line_1_21' title="bbox 334 2045 575 2098; baseline 0.029 -7"><span class='ocrx_word' id='word_1_127' title='bbox 334 2046 352 2091; x_wconf 94' lang='grc' dir='ltr'>Ι.</span> <span class='ocrx_word' id='word_1_128' title='bbox 369 2045 540 2092; x_wconf 82' lang='lat' dir='ltr'>lllEDlTATIO.</span> <span class='ocrx_word' id='word_1_129' title='bbox 574 2095 575 2098; x_wconf 75' lang='grc'>,</span> 
     </span>
     <span class='ocr_line' id='line_1_22' title="bbox 371 2144 525 2204; baseline -0.006 -14"><span class='ocrx_word' id='word_1_130' title='bbox 371 2144 525 2204; x_wconf 69' lang='lat' dir='ltr'>Fluyollutio.&#39;</span> 
     </span>
    </p>
   </div>
   <div class='ocr_carea' id='block_1_7' title="bbox 39 2242 820 2367">
    <p class='ocr_par' dir='ltr' id='par_1_8' title="bbox 39 2242 820 2367">
     <span class='ocr_line' id='line_1_23' title="bbox 39 2242 375 2284; baseline -0.009 -1"><span class='ocrx_word' id='word_1_131' title='bbox 39 2243 41 2246; x_wconf 69' lang='grc'>’</span> <span class='ocrx_word' id='word_1_132' title='bbox 85 2247 205 2284; x_wconf 82' lang='lat' dir='ltr'>Proeludium</span> <span class='ocrx_word' id='word_1_133' title='bbox 215 2247 232 2284; x_wconf 89' lang='lat'>1.</span> <span class='ocrx_word' id='word_1_134' title='bbox 244 2264 270 2271; x_wconf 92' lang='lat'>-</span> <span class='ocrx_word' id='word_1_135' title='bbox 282 2242 375 2281; x_wconf 83' lang='lat' dir='ltr'>Historia.</span> 
     </span>
     <span class='ocr_line' id='line_1_24' title="bbox 85 2316 820 2367; baseline -0.007 -10"><span class='ocrx_word' id='word_1_136' title='bbox 85 2321 205 2358; x_wconf 79' lang='lat' dir='ltr'>Praetudtuot</span> <span class='ocrx_word' id='word_1_137' title='bbox 216 2322 243 2357; x_wconf 84' lang='grc' dir='ltr'>ΙΙ,</span> <span class='ocrx_word' id='word_1_138' title='bbox 254 2338 279 2345; x_wconf 93' lang='lat'><em>-</em></span> <span class='ocrx_word' id='word_1_139' title='bbox 288 2317 377 2356; x_wconf 80' lang='lat' dir='ltr'>Christus</span> <span class='ocrx_word' id='word_1_140' title='bbox 387 2317 452 2356; x_wconf 87' lang='lat' dir='ltr'>nudus</span> <span class='ocrx_word' id='word_1_141' title='bbox 461 2316 559 2355; x_wconf 81' lang='lat' dir='ltr'>columnae</span> <span class='ocrx_word' id='word_1_142' title='bbox 568 2316 661 2367; x_wconf 82' lang='lat' dir='ltr'>alligatus</span> <span class='ocrx_word' id='word_1_143' title='bbox 670 2316 723 2355; x_wconf 84' lang='lat' dir='ltr'>inter</span> <span class='ocrx_word' id='word_1_144' title='bbox 731 2323 820 2356; x_wconf 82' lang='lat' dir='ltr'>tortores.</span> 
     </span>
    </p>
   </div>
   <div class='ocr_carea' id='block_1_8' title="bbox 59 2392 822 2497">
    <p class='ocr_par' dir='ltr' id='par_1_9' title="bbox 59 2392 822 2497">
     <span class='ocr_line' id='line_1_25' title="bbox 68 2392 822 2444; baseline -0.003 -12"><span class='ocrx_word' id='word_1_145' title='bbox 68 2402 70 2405; x_wconf 58' lang='lat'><strong>⁴</strong></span> <span class='ocrx_word' id='word_1_146' title='bbox 85 2396 206 2433; x_wconf 79' lang='lat' dir='ltr'>Proetudium</span> <span class='ocrx_word' id='word_1_147' title='bbox 215 2397 252 2434; x_wconf 83' lang='grc' dir='ltr'><em>ΙΙΙ.</em></span> <span class='ocrx_word' id='word_1_148' title='bbox 264 2415 290 2422; x_wconf 90' lang='grc'>-</span> <span class='ocrx_word' id='word_1_149' title='bbox 298 2393 344 2432; x_wconf 85' lang='lat' dir='ltr'>Pete</span> <span class='ocrx_word' id='word_1_150' title='bbox 352 2394 431 2434; x_wconf 81' lang='lat' dir='ltr'>Christo</span> <span class='ocrx_word' id='word_1_151' title='bbox 444 2393 537 2443; x_wconf 81' lang='lat' dir='ltr'>compati,</span> <span class='ocrx_word' id='word_1_152' title='bbox 555 2398 574 2431; x_wconf 86' lang='lat' dir='ltr'>et</span> <span class='ocrx_word' id='word_1_153' title='bbox 592 2392 627 2433; x_wconf 84' lang='lat' dir='ltr'>uei</span> <span class='ocrx_word' id='word_1_154' title='bbox 639 2393 718 2444; x_wconf 77' lang='lat' dir='ltr'>flagella</span> <span class='ocrx_word' id='word_1_155' title='bbox 728 2393 756 2432; x_wconf 89' lang='lat' dir='ltr'>ita</span> <span class='ocrx_word' id='word_1_156' title='bbox 769 2393 822 2432; x_wconf 79' lang='lat' dir='ltr'>cxci·</span> 
     </span>
     <span class='ocr_line' id='line_1_26' title="bbox 59 2457 114 2497; baseline -0.018 -12"><span class='ocrx_word' id='word_1_157' title='bbox 59 2457 114 2497; x_wconf 82' lang='lat' dir='ltr'>pere.</span> 
     </span>
    </p>
   </div>
   <div class='ocr_carea' id='block_1_9' title="bbox 61 2534 825 2747">
    <p class='ocr_par' dir='ltr' id='par_1_10' title="bbox 61 2534 825 2747">
     <span class='ocr_line' id='line_1_27' title="bbox 90 2534 549 2595; baseline -0.007 -14"><span class='ocrx_word' id='word_1_158' title='bbox 90 2535 206 2581; x_wconf 72' lang='lat' dir='ltr'>Punctum</span> <span class='ocrx_word' id='word_1_159' title='bbox 219 2535 236 2580; x_wconf 90' lang='grc' dir='ltr'>Ι.</span> <span class='ocrx_word' id='word_1_160' title='bbox 249 2561 276 2568; x_wconf 92' lang='grc'>-</span> <span class='ocrx_word' id='word_1_161' title='bbox 288 2534 399 2595; x_wconf 87' lang='lat' dir='ltr'>Supplicii</span> <span class='ocrx_word' id='word_1_162' title='bbox 413 2535 549 2593; x_wconf 81' lang='lat' dir='ltr'>ignominia.</span> 
     </span>
     <span class='ocr_line' id='line_1_28' title="bbox 90 2606 824 2669; baseline -0.008 -14"><span class='ocrx_word' id='word_1_163' title='bbox 90 2611 116 2655; x_wconf 86' lang='lat' dir='ltr'>l⁰</span> <span class='ocrx_word' id='word_1_164' title='bbox 125 2609 221 2664; x_wconf 86' lang='lat' dir='ltr'>Pilatus,</span> <span class='ocrx_word' id='word_1_165' title='bbox 233 2609 312 2655; x_wconf 88' lang='lat' dir='ltr'>multis</span> <span class='ocrx_word' id='word_1_166' title='bbox 322 2609 410 2663; x_wconf 85' lang='lat' dir='ltr'>frustra</span> <span class='ocrx_word' id='word_1_167' title='bbox 421 2609 517 2655; x_wconf 85' lang='lat' dir='ltr'>tentatis</span> <span class='ocrx_word' id='word_1_168' title='bbox 531 2614 555 2653; x_wconf 90' lang='lat' dir='ltr'>ut</span> <span class='ocrx_word' id='word_1_169' title='bbox 563 2610 641 2654; x_wconf 80' lang='lat' dir='ltr'>lesum</span> <span class='ocrx_word' id='word_1_170' title='bbox 653 2608 766 2669; x_wconf 78' lang='lat' dir='ltr'>supplicio</span> <span class='ocrx_word' id='word_1_171' title='bbox 777 2606 824 2659; x_wconf 82' lang='lat' dir='ltr'>eri-</span> 
     </span>
     <span class='ocr_line' id='line_1_29' title="bbox 61 2678 825 2747; baseline -0.008 -16"><span class='ocrx_word' id='word_1_172' title='bbox 61 2689 135 2747; x_wconf 80' lang='lat' dir='ltr'>peret,</span> <span class='ocrx_word' id='word_1_173' title='bbox 149 2684 200 2744; x_wconf 80' lang='lat' dir='ltr'>ujus</span> <span class='ocrx_word' id='word_1_174' title='bbox 218 2683 392 2731; x_wconf 84' lang='lat' dir='ltr'>accusatoribus</span> <span class='ocrx_word' id='word_1_175' title='bbox 404 2684 488 2731; x_wconf 86' lang='lat' dir='ltr'>iterum</span> <span class='ocrx_word' id='word_1_176' title='bbox 507 2683 650 2739; x_wconf 63' lang='lat' dir='ltr'>convocatis·</span> <span class='ocrx_word' id='word_1_177' title='bbox 662 2683 738 2734; x_wconf 84' lang='lat' dir='ltr'>denuo</span> <span class='ocrx_word' id='word_1_178' title='bbox 751 2678 825 2727; x_wconf 83' lang='lat' dir='ltr'>testa-</span> 
     </span>
    </p>
   </div>
   <div class='ocr_carea' id='block_1_10' title="bbox 0 0 876 2908">
    <p class='ocr_par' dir='ltr' id='par_1_11' title="bbox 0 0 876 2908">
     <span class='ocr_line' id='line_1_30' title="bbox 0 0 876 2908; baseline 0 0"><span class='ocrx_word' id='word_1_179' title='bbox 0 0 876 2908; x_wconf 95' lang='lat' dir='ltr'> </span> 
     </span>
    </p>
   </div>
  </div>
 </body>
</html>
