1715 2908
135 172 261 206 sacomam
279 171 448 207 nnanomnnm
466 171 577 204 nnomos
598 169 706 203 nannius
749 154 798 202 229

178 373 260 428 nmo
280 372 479 428 vronsnros
501 357 656 427 nsanos

66 491 219 528 SECUNDAE
246 489 449 526 HEBDOMADAE
478 489 613 527 DECIMUS
636 486 774 525 TERTIUS

222 591 354 620 PRAEPARATIO
368 593 395 620 AD
408 591 522 621 rAssrortmr
539 590 618 621 CHRISTI

70 677 169 736 Propria
178 677 239 723 Filio
249 685 294 722 ooo
302 679 410 738 pepercit,
423 678 460 723 sed
472 691 516 737 pro
531 678 594 723 oobt's
609 676 711 722 omnibus
721 674 809 722 tradi-⁴

41 753 74 798 dit
85 753 157 798 ittam.
169 753 267 798 Roman.
278 762 338 806 vin„

263 961 265 964 .
319 910 337 956 1.
353 890 531 957 immansio.¹

222 1008 368 1067 Proeporott'o
386 1022 414 1054 em
427 1014 494 1067 porte
510 1008 618 1053 atrorum.

70 1110 190 1146 Protodiom
201 1109 217 1145 Ι.
226 1107 332 1156 -Spaota
346 1108 431 1146 consilia
446 1108 577 1147 sanctissima
592 1107 705 1157 Trinitatis,
721 1107 805 1147 iudaeo-

43 1172 93 1209 rum,
106 1167 176 1198 etrum
187 1160 236 1209 ipsis
245 1160 298 1198 Judae
310 1162 416 1199 iscariote.

71 1236 190 1325 ssroelodtom
203 1236 231 1272 ΙΙ,
242 1254 269 1263 -
280 1234 327 1272 Pete
340 1233 424 1284 gratiam
435 1233 549 1285 mysterium
565 1233 657 1284 capiendi
674 1243 720 1270 enm
735 1232 806 1272 affeetu

44 1293 63 1325 et
82 1292 147 1325 ructu.

47 1398 54 1402 >·
74 1377 190 1422 Pnnornor
208 1375 227 1419 I.
244 1400 273 1408 -
291 1375 381 1434 Cogitav
393 1381 416 1418 te
436 1375 549 1420 interesse
566 1380 653 1420 aeterno
676 1382 699 1419 et
722 1387 806 1419 arcano

44 1450 198 1496 sanctissimae
212 1448 334 1494 Trinitatis
348 1448 452 1503 oonsilio,
466 1449 495 1493 de
509 1448 600 1492 homine
616 1448 689 1507 lapso,
704 1449 739 1492 vel
753 1462 807 1508 per-

46 1524 128 1576 dendo,
140 1523 177 1567 vel
190 1522 309 1567 salvando.

74 1597 204 1642 mensoria
220 1602 295 1642 certat
314 1596 342 1641 de
360 1596 398 1640 iilo
420 1596 545 1655 perdendo,
560 1602 582 1641 et
602 1610 642 1655 pro
663 1598 744 1643 morito
763 1611 807 1656 pu-

45 1671 137 1716 niendo.
152 1670 243 1729 Allegat
258 1670 368 1729 praecepti
379 1668 524 1721 facilitatem,
539 1670 649 1715 disertam
663 1684 737 1729 paenae
750 1684 808 1717 com-

46 1748 119 1791 minat
120 1745 204 1800 ionem,
217 1745 282 1804 plene
296 1745 416 1789 liberamt
408 1745 625 1803 transgressionem
638 1746 697 1790 Hine
708 1759 808 1804 agnosce

46 1821 225 1879 oolpaegravita
228 1826 317 1876 t‚teme
309 1819 463 1877 tdetestare3
477 1820 586 1864 moritum
606 1829 721 1905 poenaeet
734 1823 808 1866 veniae

47 1893 160 1953 indignita
162 1898 255 1948 teterr,
268 1893 335 1950 time;
350 1892 496 1939 insoffieren
481 1900 538 1939 ram
552 1901 616 1939 crea
618 1907 667 1940 urae
680 1894 708 1939 ad
720 1902 756 1940 sa
748 1894 810 1941 rsf

47 1970 162 2025 ciendum,
173 1975 196 2015 et
206 1984 302 2028 enpave.

76 2049 102 2093 2⁰
119 2045 277 2091 Misericordia
298 2049 379 2090 eontra
397 2048 472 2090 certat
462 2045 511 2090 tde
530 2044 570 2090 illo
582 2044 703 2091 salvando
718 2009 810 2105 Allegat

48 2128 126 2165 auem
138 2134 188 2179 ejus
199 2120 376 2179 figmentnme
388 2119 547 2178 fragilitatem,
560 2120 682 2166 enatorrs
697 2120 810 2168 invidiam

47 2202 72 2242 et.
87 2196 210 2252 malitiam,
224 2197 297 2241 totins
310 2196 401 2254 generis
419 2195 513 2240 hnmani
534 2197 650 2255 jacturam
669 2203 751 2242 eontra
768 2198 810 2243 Dei

48 2272 200 2332 propositum,
214 2276 238 2317 et
257 2270 353 2330 gloriam
370 2271 420 2329 ejus
438 2284 466 2315 ex
480 2271 549 2317 venia
562 2264 709 2317 secuturam(
718 2273 776 2318 Haec
788 2280 811 2319 et

49 2351 74 2392 tu
84 2346 172 2393 motiva
183 2346 232 2392 Deo
244 2345 351 2400 obtende,
364 2352 386 2390 et
398 2358 474 2404 spera.

78 2424 103 2466 3⁰
123 2420 242 2481 Sapientia
267 2421 332 2466 litem
349 2419 444 2465 dirimit.
460 2420 560 2480 anedit
576 2427 602 2467 ot
618 2434 678 2466 onos
695 2423 813 2467 moriatur

49 2494 110 2541 homo
118 2510 163 2556 pro
174 2498 265 2556 popolo,
278 2502 299 2543 et
316 2509 361 2540 ooo
373 2500 422 2542 toto
438 2509 491 2554 yeos
501 2502 581 2555 pereat
594 2496 631 2556 (i).
645 2497 696 2542 Non
717 2497 813 2557 quidem

49 2570 117 2619 homo
129 2586 209 2634 purus,
223 2574 265 2620 sed
276 2573 435 2629 Homo-Deus,
450 2573 489 2633 qui
502 2573 615 2632 condigne
628 2573 758 2621 satisfaciat
770 2586 812 2636 pro

72 2678 100 2725 (Ι)
107 2679 163 2718 Joan.
173 2690 202 2717 ιι.
