1715 2908
122 189 124 192 ·
173 178 281 217 r‘rannerius
298 177 466 217 annnottnnrn
485 175 615 217 sncuuuus
657 170 659 173 '
728 166 777 214 239

48 278 163 325 Puerorum
174 278 203 324 ll.
218 304 245 312 -
259 278 363 336 Quatuor
375 278 440 326 velut
460 279 578 336 passiones
596 277 703 324 diversas
712 282 778 322 notat

18 353 168 411 Evangelium
187 351 295 412 :nempe7
314 353 442 407 tristitiam,
455 352 565 408 timorem,
580 354 671 400 ludium
688 356 712 397 et
724 366 779 412 upo-

18 425 89 480 ut'um,
102 441 155 486 quae
165 427 188 472 in
198 428 319 474 voluntate
334 436 383 475 tum
396 428 519 487 superiori,
533 436 580 474 tum
591 426 704 482 inferiori,
716 427 779 472 circa

19 502 110 549 diversa
121 502 213 561 objecta
223 503 383 548 versabantur.

47 578 73 621 l⁰
84 576 163 621 Timor
174 576 217 622 fuit
230 576 259 622 de
273 577 379 623 omnibus
389 590 443 637 quae
451 589 562 636 passurus
579 582 628 623 erat
645 577 779 635 incorpore

18 666 59 700 suo
77 652 178 699 naturali
194 654 326 699 successive
341 655 364 698 in
380 653 479 699 decursu
497 653 569 698 totius
589 653 713 704 Passionis,
726 666 780 712 quae

19 726 95 773 omnia
107 727 175 772 simul
187 732 210 772 et
222 727 293 772 semel
306 728 386 773 sensit.
400 728 429 772 Et
442 727 471 772 de
481 726 587 773 omnibus
601 740 654 786 qtrae
670 727 779 786 deinceps

18 803 42 848 in
52 815 148 862 corpore
158 815 199 847 suo
212 803 319 862 mystico,
330 802 354 847 in
371 803 443 848 Beata
462 802 565 860 Virgine,
580 801 704 861 Apostolis‚
715 804 779 848 lilar-

19 876 117 937 mribus,
132 876 229 937 aliisque
243 877 355 934 fidelibus,
368 891 409 923 seu
425 877 543 932 membris,
558 890 656 936 quorum
668 878 737 936 mala,
753 884 779 922 ut

19 958 95 1010 caput,
111 951 284 1011 praesentiebat.

48 1031 74 1074 2⁰
85 1027 197 1082 Tristitia,
210 1034 259 1074 tum
272 1027 301 1073 de
312 1027 348 1072 bis
361 1025 475 1081 omuibus,
490 1032 540 1070 tum
554 1026 582 1071 de
601 1026 707 1073 omnibus
727 1041 779 1072 om·
855 1025 857 1028 ’

20 1101 82 1146 nium
93 1102 211 1147 hominum
220 1103 331 1162 peccatis,
346 1114 398 1161 quae
409 1102 533 1161 praesentia
545 1100 655 1147 habebat.

49 1179 74 1221 30
86 1177 189 1222 Taedium
200 1177 287 1223 addens
301 1176 403 1222 tristitiae
413 1176 539 1235 quamdam
548 1176 684 1235 puritatem,
693 1177 721 1222 de
732 1191 780 1236 per·

21 1252 106 1297 ditione
118 1253 191 1306 dudae,
206 1252 368 1311 reprobatione
381 1251 522 1300 ludaeorum,
533 1254 626 1310 jactura
645 1256 668 1296 et
682 1253 780 1298 damna-

20 1328 81 1371 tione
93 1331 128 1371 tot
145 1326 254 1380 fidelium,
269 1328 360 1372 modico
382 1327 475 1388 demum
494 1326 571 1371 fructu
585 1326 702 1372 Passionis
722 1340 778 1387 suae.
829 1384 831 1388 ι

22 1400 74 1454 Qtrce
86 1400 176 1445 utilitas
192 1400 218 1445 ie
231 1401 339 1460 suttpuiee
349 1414 396 1446 meo
411 1400 447 1461 (l),
460 1402 526 1459 crpus
537 1414 583 1445 una
593 1400 655 1447 stilla
672 1402 780 1447 innume-

21 1477 51 1520 ris
61 1475 153 1521 mundis
162 1476 279 1522 salvandis
290 1476 429 1521 suffecisset!

49 1552 74 1595 40
85 1550 226 1609 Agonialuit
235 1564 313 1610 pugna
324 1551 384 1595 inter
393 1556 484 1611 partem
497 1550 629 1596 inferiorem
641 1550 689 1610 pati
700 1564 781 1610 repug-

21 1631 121 1681 nantem,
134 1630 157 1670 et
168 1625 311 1685 superiorem
326 1625 373 1684 pati
387 1630 542 1686 appetentem,
557 1639 610 1686 qvtae
626 1630 707 1672 mutuo
723 1639 780 1673 con·
846 1622 848 1625 ’

21 1699 83 1746 llictu
94 1700 197 1746 dolorem
208 1701 374 1759 aggravabant.

49 1777 165 1824 Funerum
176 1776 214 1821 lll.
230 1802 256 1809 -
275 1776 378 1821 Pondera
397 1775 466 1834 h'uJ'us
484 1776 570 1821 doloris
588 1776 778 1835 magnitudinem

49 1853 76 1901 le
85 1851 189 1897 Christus
199 1850 235 1896 bis
247 1850 392 1910 passionibus
402 1850 483 1910 plenus
492 1851 536 1895 luit
547 1852 571 1896 iu
582 1851 688 1897 omnibus
697 1851 780 1909 animae

22 1926 138 1984 potentiis.

50 2005 75 2048 20
85 2000 189 2046 Exclusit
196 2013 263 2046 omne
274 1999 393 2059 gaudium,
402 2013 540 2059 omnemque
548 2000 726 2046 delectationem
738 2005 780 2046 aut

23 2076 200 2127 consolationem
210 2076 358 2122 aDivinitate
371 2082 411 2120 aut
420 2075 509 2120 visione
520 2075 635 2130 beatifica,
644 2075 667 2119 in
678 2076 780 2121 animam

23 2151 103 2197 saltem
113 2151 253 2198 sensibiliter
265 2151 440 2196 redundantem.
450 2151 593 2210 Sequeutrutu
609 2157 699 2197 cateruae
710 2152 780 2197 Divi-

23 2225 101 2273 lu'tutis
112 2226 264 2281 delectatione,
277 2222 340 2273 taedio
355 2231 438 2271 nostrus
457 2225 606 2272 nicerotianis
622 2223 730 2287 (afficitur,
743 2227 781 2272 in-

24 2302 71 2358 quit
88 2307 182 2347 sauctus
204 2301 347 2354 Ambrosius,
358 2300 470 2345 uttrueuto
485 2313 563 2359 pertus
587 2314 638 2345 setus
660 2314 745 2361 uupeus
759 2309 782 2349 et

24 2386 155 2435 approbatas.
469 2392 471 2394 ’

51 2454 76 2496 30
86 2454 141 2499 Haeo
154 2452 250 2497 tristitia
264 2452 308 2496 fuit
319 2463 416 2505 summa,
428 2451 502 2509 major
519 2452 581 2496 omni
599 2450 679 2497 dolore
696 2465 782 2513 corpo-

24 2524 72 2583 rali,
84 2528 139 2589 quia
151 2527 195 2572 luit
206 2526 333 2586 spiritualis
348 2526 436 2584 :major
449 2526 512 2570 omni
531 2525 646 2585 spirituali
665 2527 728 2588 turpi
745 2527 780 2575 vel

45 2688 72 2736 (l)
79 2690 148 2730 Psalm,
158 2700 211 2755 ξω,
