1715 2812
44 158 77 208 10
223 173 419 209 EXERCITIORUM
441 172 627 209 SPIRITUALIUM

42 277 157 326 naturam,
165 275 244 330 partes
253 276 276 315 et
289 285 357 316 usum
368 271 496 330 explicant3
505 275 605 332 suntque
618 271 702 332 prima,
713 277 804 331 quarta,

42 346 132 391 decima
149 346 343 406 quintadecima
363 361 431 402 nona,
444 346 565 406 vigesima,
578 351 601 392 et
617 346 735 393 annotatio
753 353 806 392 ante

41 420 226 467 fundamentum.
240 422 346 467 Secirnda
359 435 407 477 eas,
418 435 470 481 quae
481 423 599 481 pertinent
613 423 641 467 ad
652 423 805 478 Directorem,

42 509 141 556 eumque
152 496 269 541 instruunt
277 496 305 541 de
316 497 419 556 agendis,
429 503 451 542 et
463 497 607 554 omittendis,
619 512 659 543 seu
673 497 807 542 methodum

42 571 196 633 praescribunt
209 572 379 618 manuducendi
396 587 437 631 per
448 572 565 618 Exercitia
579 573 607 618 ad
620 572 785 633 perfectionem
801 587 805 617 :

42 650 141 706 suntque
159 646 269 700 secunda,
291 653 363 702 senta,
383 648 489 706 septima,
510 654 600 703 octaua,
620 649 805 706 nonadecima,

43 722 132 767 decima
149 726 241 780 quarta,
257 722 346 768 decima
364 722 541 777 sextadecima
557 724 663 783 septima,
677 731 700 768 et
717 724 808 770 decima

43 802 133 843 octaua.
145 798 224 843 Tertia
235 798 392 852 contineteas
400 811 451 857 euae
461 798 578 858 pertinent
590 799 619 844 ad
631 785 805 858 euercitantein⁷

43 879 66 918 et
78 886 131 932 uriae
143 873 177 917 illi
191 873 344 933 praescribunt
363 874 456 918 modum
475 887 499 919 se
518 875 612 932 gerendi
631 876 655 920 in
675 875 805 930 Exercitus,

42 962 95 994 cum
107 949 164 1002 Deo,
175 962 228 994 cum
240 949 368 1003 Directore,
382 962 435 994 otini
446 948 616 1008 aliis3suntque
629 950 706 1004 tertia,
715 952 804 1009 quinta,

43 1023 174 1080 undecima,
187 1022 331 1077 daiodecima,
344 1022 434 1068 decima
444 1025 522 1075 tertia⁷
534 1024 647 1082 trigesima
659 1024 682 1067 in
695 1025 747 1069 line.

71 1098 100 1142 ll.
121 1124 147 1131 -
169 1099 256 1156 Corpus
273 1098 357 1157 operis,
372 1111 412 1143 seu
431 1098 548 1143 Exercitia
567 1099 626 1157 ipsa,
646 1099 807 1158 complectitur

42 1172 120 1218 omnia
132 1186 185 1232 quae
203 1171 317 1216 habentur
330 1185 344 1216 a
356 1171 506 1217 fundamento
518 1172 576 1230 ipso,
590 1173 618 1218 ad
632 1173 807 1220 meditationem

43 1261 115 1307 usque
133 1248 161 1293 de
181 1260 258 1293 amore
278 1246 394 1306 spirituali
416 1247 548 1302 excitando,
561 1248 605 1306 ipsi
630 1249 807 1307 respondentem

44 1324 152 1383 utrinque
164 1323 284 1368 inclusive.

72 1399 190 1444 Diuiditur
200 1403 278 1442 autem
288 1397 311 1441 in
325 1402 426 1457 qirateor
437 1400 516 1456 partes
529 1411 577 1451 seu
586 1397 751 1453 hebdomadas,
766 1414 807 1459 pro

42 1474 178 1520 diversitate
194 1474 307 1530 materias,
319 1472 416 1527 imatus,
430 1473 470 1532 qui
491 1473 513 1516 in
532 1472 567 1518 bis
579 1473 700 1532 uitaeritur,
714 1481 737 1519 et
750 1476 807 1521 affe-

42 1555 102 1604 ctus7
115 1550 153 1609 qni
167 1562 207 1608 per
220 1562 259 1593 eas
269 1549 367 1608 paritur,
380 1548 511 1594 distinctas.

73 1626 187 1682 Quaelibet
200 1624 331 1683 septimana
340 1623 471 1684 praescribit
484 1625 509 1668 in
520 1623 623 1681 singulos
635 1623 685 1668 dies
698 1629 820 1684 ditatum„

42 1708 82 1747 aut
95 1702 197 1760 quinque
209 1700 334 1754 Exercitia,
345 1713 386 1743 seu
395 1699 560 1758 occupationes
571 1698 692 1755 mentales,
704 1700 807 1759 singulas

42 1777 111 1822 unius
123 1776 194 1822 horae.
209 1775 267 1831 Quae
281 1774 379 1820 diuersis
396 1774 527 1819 nominibus
543 1774 565 1818 in
581 1774 668 1820 Libello
681 1775 807 1834 designau-

43 1861 93 1908 tur3
110 1865 190 1896 omnes
203 1856 281 1895 tamen
292 1851 384 1895 nomine
398 1862 505 1906 generice
516 1849 626 1894 Exercitii
640 1854 662 1895 et
674 1851 807 1897 llleditatio-

43 1927 79 1971 nis
91 1924 256 1984 comprehendi
274 1929 379 1983 possunt.
393 1923 459 1980 Quod
478 1923 539 1968 idem
555 1936 647 1978 nomen,
661 1924 769 1983 specifice
785 1932 808 1970 et

44 2001 145 2060 pressius
157 2006 283 2059 surreptum,
296 1998 414 2057 significat
435 1998 625 2043 exercitationem
641 1999 724 2043 mentis
736 2002 808 2059 magis

44 2075 205 2129 discursitant,
218 2082 241 2120 et
261 2075 323 2120 eirca
339 2058 466 2119 ueritatem
483 2073 639 2130 abstractam
658 2073 717 2118 tales
738 2084 806 2121 sunt:

44 2141 203 2198 tlleditotiones
213 2150 242 2194 de
256 2150 365 2209 peccatis.
380 2148 582 2208 Gorttemplctioaos
595 2154 672 2194 autem
692 2155 745 2194 sunt
756 2165 807 2197 ma-

44 2227 79 2285 gis
91 2225 214 2279 intuitivae,
229 2230 253 2269 ct
263 2225 412 2269 considerant
422 2238 470 2269 rem
482 2228 579 2283 gestam,
595 2229 636 2269 aut
648 2225 806 2281 spectabilem.

45 2300 177 2360 Applieotio
188 2314 292 2345 sericarum
305 2301 391 2345 dicitur
402 2300 524 2346 meditatio
533 2300 634 2345 manime
644 2300 759 2346 inhaerens
770 2316 808 2347 re-

38 2378 88 2434 bus
97 2375 254 2424 sensibilibus,
268 2380 291 2419 et
301 2375 430 2420 consistens
442 2376 465 2419 in
478 2376 594 2421 Exercitio
608 2388 716 2421 sensuum
735 2377 808 2422 inter-

45 2464 137 2497 norum.
147 2449 261 2509 Repetitio
274 2450 367 2503 dicitur,
380 2460 425 2495 non
440 2450 530 2510 quaeris
546 2451 649 2509 ejusdem
666 2449 750 2508 objecti
763 2453 808 2497 ite-

44 2533 97 2572 rata
106 2525 237 2578 meditatio,
245 2524 285 2569 sed
296 2523 415 2570 Meditotio
425 2526 510 2583 colloco
522 2525 626 2584 ejusdem
638 2525 680 2578 rei,
688 2526 809 2572 attendens
849 2546 851 2548 ¹

46 2602 75 2648 ad
87 2607 154 2646 actus
165 2606 188 2645 et
198 2613 279 2646 sensus
292 2600 450 2645 meditationis
462 2601 491 2646 de
503 2600 584 2646 eadem
598 2601 661 2660 prius
673 2599 743 2646 facta.
756 2600 809 2646 Cou-

43 2676 155 2723 stderotio
168 2675 267 2735 denique
278 2675 363 2722 dicitur
375 2675 477 2734 cujusvis
493 2675 600 2723 veritatis
616 2675 710 2722 moralis
719 2676 809 2736 ponde-
