1715 2908
59 102 109 151 314
251 118 309 157 oms
326 119 482 157 rnreusmus
499 120 630 160 snounnus

326 310 365 355 nr.
383 309 554 357 irnorrnrro.
578 274 580 278 Α

273 406 328 455 Vtra
340 408 471 468 premerunt
487 394 609 458 Flentium.

87 505 209 543 Promotum
219 507 236 544 Ι.
249 525 275 534 -
285 507 406 557 Compositio
417 507 465 557 loci,
476 519 512 558 pro
524 508 608 560 singulis
618 507 698 559 punctis
707 507 770 550 vario.

86 580 208 616 Proelndium
222 582 250 618 ll.
261 601 288 610 —-
299 580 371 620 Petilio
380 582 456 632 granae,
466 593 507 622 una
516 588 546 621 est
557 582 583 621 od
591 593 625 622 eos
637 581 751 621 imitandos.

90 670 206 714 Puerorum
221 670 239 713 Ι.
253 695 283 702 -
301 669 386 727 Quales
405 678 471 716 erant
486 684 541 729 erga
558 672 640 726 Deum,
652 677 676 715 ot
698 668 823 715 pistores?

60 743 139 788 Erant
151 750 321 801 rrorsooerontos
333 744 358 789 in
371 744 475 791 doctrino
484 745 654 802 Apostolorum,
663 750 685 791 ot
699 743 824 789 consorani-

61 817 148 864 catione
158 817 281 876 frooto'onis
294 819 370 877 toartis,
383 819 569 880 otorotiorn'bns(
585 820 602 879 l.

91 894 117 936 l0
129 893 201 938 Erant
221 906 274 952 ergo
292 894 379 938 assidui
397 894 419 938 in
437 893 552 941 audiendo
568 893 598 942 ab
616 893 733 955 Apostolis
753 892 824 939 uerbo

12 1015 14 1019 ,
61 968 112 1021 Dei,
125 976 148 1014 et
159 967 258 1014 fideliter
271 968 395 1030 implendo.

92 1047 118 1092 20
136 1044 311 1091 Sanctissimam
338 1044 508 1092 Eucharistiarn
532 1046 636 1107 quotidie
655 1044 834 1109 percipiebant,-

61 1122 112 1182 pari
124 1120 201 1167 fruotn
215 1127 238 1166 et
250 1129 328 1181 gustu.

93 1200 118 1241 30
129 1196 235 1243 Orationi
246 1197 345 1257 denique
359 1196 474 1244 vacabant
491 1197 540 1244 sine
557 1197 728 1245 intermissione
741 1204 788 1244 tarn
801 1198 825 1242 in

63 1274 156 1333 templo,
172 1287 243 1333 quam
256 1281 330 1320 extra.
344 1274 399 1320 Haeo
412 1274 458 1320 tria
476 1273 555 1319 sedulo
568 1277 689 1333 conjunge,
702 1278 726 1319 et
740 1274 826 1333 prasoi-

62 1363 108 1408 pue
118 1349 254 1394 commenda
268 1364 273 1393 :
288 1354 342 1394 sunt
353 1349 414 1394 enim
428 1350 485 1395 vitae
502 1348 631 1408 spiritualis
647 1348 768 1405 elementa,
783 1348 826 1394 ali-

62 1430 142 1470 menta
153 1431 175 1469 et
188 1423 306 1483 praesidia.

86 1488 209 1560 'Punornur
217 1500 245 1544 ll.
258 1525 288 1533 —
298 1499 382 1557 Quales
390 1499 451 1544 inter
463 1512 488 1544 se
499 1499 657 1545 adinvicem?

93 1575 198 1620 romani
211 1588 290 1620 omnes
301 1575 395 1634 pariter,
412 1574 479 1633 qnasi
491 1574 515 1619 in
531 1587 577 1620 una
596 1574 665 1621 domo
684 1573 823 1628 habitamus,

62 1662 179 1709 unamque
192 1649 304 1695 familiam
314 1655 479 1708 componentes
492 1648 530 1707 (2).

93 1728 119 1771 2⁰
129 1723 245 1769 Habebunt·
254 1724 331 1769 onorio
339 1723 474 1769 torinnenio.
484 1723 535 1768 Non
545 1729 596 1769 erat
607 1722 667 1770 inter
680 1722 732 1769 illos
742 1716 825 1776 oneum,

63 1806 136 1853 tanin,
148 1799 261 1859 friyidttrn
277 1798 334 1844 illud
345 1799 445 1850 oorhnnr,
457 1797 565 1856 quidquid
584 1804 616 1844 ost
632 1799 746 1845 anulorum
762 1799 825 1843 irrot-

63 1874 296 1933 translationemque
306 1873 397 1932 ytqrzens
409 1873 465 1918 hello
477 1873 513 1932 (3).
527 1872 605 1918 Pretia
617 1873 764 1920 venditarum
778 1885 828 1932 pos·

36 1955 38 1959 ’
63 1950 192 1996 sessionum
203 1949 232 1994 erl
245 1962 269 1993 se
282 1947 353 1994 allata
361 1948 496 1995 dividebant
509 1947 613 2006 Apostoli
629 1948 743 2003 omnihus,
754 1952 825 2007 proni

64 2025 142 2084 antiqno
155 2038 210 2083 opus
221 2030 280 2074 erut.

95 2103 119 2146 30
140 2097 298 2149 Multitudinis
319 2097 458 2144 tradentium
485 2103 535 2144 oroi
557 2110 596 2143 oor
616 2110 687 2143 nonin
707 2104 729 2145 et
748 2098 827 2145 uoinro

64 2176 156 2236 orioli).
168 2175 243 2233 Quam
255 2174 310 2220 felix
328 2181 351 2220 et
364 2187 434 2235 quam
447 2174 525 2221 suavis
535 2173 602 2220 uniol
620 2173 691 2229 Quone
708 2173 789 2221 honnnt
805 2182 826 2222 et

64 2266 131 2313 qnorn
140 2252 266 2313 J'nonnnlnnr
285 2250 387 2297 habitere
399 2249 487 2309 fratros
498 2250 523 2296 in
537 2263 608 2298 ortum
621 2249 661 2310 (hil
674 2263 730 2299 vere
741 2251 825 2298 Christi

65 2328 186 2389 Discipuli.

96 2406 211 2451 Peneion
222 2402 262 2449 ΙΙΙ.
276 2427 304 2436 -
318 2401 403 2459 Quales
413 2401 491 2462 quoad
503 2400 621 2449 oaeteros‘t

480 2544 507 2597 (li)
513 2552 555 2589 hot.
564 2553 591 2589 ri.

434 2612 436 2615 ·
479 2598 506 2644 (5)
514 2598 584 2638 Psalm.
593 2600 662 2635 oxum.
