1715 2908
198 128 302 162 rnnmnn
320 126 488 179 maenomenon
507 126 624 166 ouanrus
743 110 793 158 203

29 220 146 278 dentibus,
161 235 260 282 quarum
272 221 346 267 solum
357 222 446 266 instans
457 234 560 280 praesens
572 226 607 265 est
620 219 644 263 in
657 222 738 264 nostra
750 232 792 277 po-

31 301 123 356 testate,
136 297 198 357 quod
211 296 287 356 ipsum
298 295 384 342 labitur
395 300 418 340 et
429 294 495 340 uobis
507 294 615 341 elabitur.

60 376 85 418 30
99 372 184 431 Quanti
196 387 250 433 ergo
262 373 332 420 refert
346 375 404 420 bene
419 371 476 418 illud
491 370 615 419 collocare!
627 369 656 416 ad
676 369 737 431 quod
750 383 793 415 ne-

27 462 96 507 cesse
107 455 142 495 est
152 449 210 496 illud
220 450 306 510 praevie
317 450 464 505 distribuere,
477 452 501 494 et
514 448 617 509 singulas
627 447 678 507 ejus
688 446 793 507 particu-

30 523 65 571 las
78 525 126 571 suis
137 525 218 570 usibus
228 526 352 582 destinare,
367 540 394 571 uc
406 538 486 570 uacuae
497 523 584 570 frustra
594 522 707 586 elffloant.

61 602 87 645 40
97 601 178 660 Cogita
191 607 278 660 quanta
294 615 348 661 pars
366 602 422 648 vitae
437 605 484 647 tuae
505 598 596 646 defectu
608 596 755 654 praevisionis
771 602 794 643 et

32 675 127 735 praeviae
140 676 302 722 destinationis
314 677 415 722 inaniter
427 673 552 721 effluxerit.

60 751 89 795 ΙΙ.
104 776 130 784 -
146 752 242 797 Constat
259 757 370 797 aeternam
388 764 458 811 quam
476 763 596 809 speramus
615 749 792 802 beatitudinem,

32 825 61 869 ad
74 838 145 884 quam
156 826 280 883 tendimus,
293 840 321 871 ex
332 825 523 885 vitaepraesentis
536 825 660 870 sanctitate
672 824 773 884 pendere
788 839 793 868 :

31 897 92 943 hauc
104 904 182 944 autem
194 901 343 945 sanctitatem
362 914 390 944 ex
402 899 483 944 ordine
495 898 549 943 uitae
561 904 656 955 nostrae,
670 911 722 958 quae
739 910 795 942 san-

32 975 92 1020 ctior
103 977 147 1021 erit
158 982 204 1036 quo
213 976 282 1022 luerit
294 976 378 1022 melius
386 976 502 1022 ordinata.
512 973 624 1020 Ordinem
634 979 713 1020 autem
722 974 795 1020 totius
824 965 827 969 Α

32 1050 88 1096 vitae
100 1051 200 1111 pendere
214 1066 242 1098 ex
254 1052 335 1098 ordine
346 1052 436 1108 diurno,
448 1058 472 1097 et
481 1049 590 1107 horarum
603 1049 725 1110 exquibus
737 1062 796 1095 con-

33 1133 80 1172 stat
93 1127 265 1174 distributione.
278 1127 372 1174 Maximi
385 1141 440 1186 ergo
457 1127 568 1173 momenti
587 1131 631 1181 est,
647 1131 722 1172 totum
735 1126 796 1172 diem

33 1208 56 1248 et
69 1203 171 1262 singulas
182 1205 232 1263 ejus
242 1204 311 1250 horas
323 1209 386 1250 recte
398 1203 505 1249 ordinare
514 1218 519 1259 ;
528 1204 597 1262 juxta
607 1202 663 1249 illud
675 1219 681 1248 ι
693 1204 747 1250 Neo
757 1204 796 1249 de-

32 1277 152 1338 frauderis
161 1294 176 1325 a
185 1279 220 1324 ate
227 1279 290 1334 borao,
300 1286 322 1326 ct
328 1280 445 1339 particule
455 1279 567 1325 teotoloni
578 1293 622 1324 arou
634 1283 654 1325 te
662 1283 794 1339 praetereat.

32 1354 104 1399 Eccli.
117 1368 169 1400 xrv.

63 1430 102 1475 lll.
117 1456 144 1463 -
158 1430 225 1476 Circa
237 1430 339 1476 actiones
348 1435 439 1476 nostras
451 1430 555 1485 diurnas,
567 1442 620 1490 quae
630 1435 722 1490 tempus
733 1443 797 1476 occu·

35 1518 89 1563 pare
108 1504 201 1559 dehent,
217 1507 261 1550 tria
274 1505 402 1550 ordinanda
415 1512 469 1550 sunt
481 1519 486 1548 :
499 1506 524 1548 l⁰
542 1513 625 1550 natura
643 1504 794 1563 singularum,

34 1592 116 1638 nempe
135 1579 190 1639 quid
211 1576 279 1638 agere
297 1584 336 1624 aut
354 1580 429 1623 vitare
448 1579 585 1634 debeamus;
599 1582 624 1625 2⁰
643 1583 743 1638 tempus,
755 1593 795 1625 seu

34 1655 127 1714 quando
142 1659 165 1699 et
178 1655 289 1714 quamdiu
308 1655 404 1714 singulis
422 1655 565 1711 vacandum3
577 1667 660 1713 nempe
679 1669 726 1715 qua
746 1668 796 1701 me-

35 1730 105 1775 thodo
117 1736 140 1776 et
154 1743 198 1791 quo
211 1730 295 1791 spiritu
306 1730 355 1776 fieri
365 1730 465 1790 debeant
475 1735 502 1776 ut
512 1730 580 1777 bonae
592 1731 639 1776 sint
650 1735 674 1777 et
684 1732 733 1777 Deo
744 1731 796 1792 pla-

33 1806 95 1851 citae.
767 1864 769 1866 v

63 1883 152 1929 Rursus
164 1883 210 1929 tria
220 1889 273 1929 sunt
290 1896 376 1942 genera
392 1883 511 1929 actionum
522 1882 629 1930 facienda
643 1897 648 1927 :
662 1885 689 1929 l⁰
701 1883 797 1943 religio·

34 1959 70 2004 nis
80 1965 103 2004 et
116 1960 210 2018 pietatis
222 1959 333 2005 exercitia
347 1973 352 2004 :
364 1962 390 2006 2⁰
401 1959 495 2017 negotia
507 1965 530 2004 et
542 1959 617 2004 officia
627 1961 739 2020 cujusque
755 1974 796 2019 pro

34 2048 76 2081 suo
87 2040 162 2091 statu;
173 2038 198 2080 3⁰
212 2034 342 2080 necessaria
350 2035 405 2080 vitae
415 2034 643 2094 adjumenta.›Prima
654 2041 707 2081 sunt
720 2048 797 2082 ueces-

34 2112 104 2163 sario,
116 2110 327 2170 indispensabiliter
336 2116 360 2156 et
371 2111 461 2168 integre
472 2110 590 2168 facienda;
604 2111 706 2157 secunda
716 2125 744 2157 ex
756 2126 797 2158 ra-

34 2187 97 2231 tione
108 2177 234 2244 prudenter
245 2194 267 2232 et
282 2185 400 2231 moderate
414 2186 503 2243 agenda
512 2200 523 2243 3-
532 2187 600 2231 tertia
613 2199 640 2230 ex
651 2186 701 2232 sola
714 2200 797 2233 neces-

35 2261 104 2306 sitate
117 2262 264 2307 assumenda.
278 2260 378 2318 Singulis
388 2267 478 2306 certum
488 2267 580 2320 tempus
590 2261 766 2318 assignandum.

64 2335 103 2379 IV.
115 2361 142 2368 —
154 2335 276 2381 Exercitiis
289 2333 456 2393 spiritualibus,
471 2327 494 2380 et
506 2340 596 2381 naturae
609 2335 758 2394 adjumentis,
773 2341 799 2382 nt

36 2407 95 2463 cibo,
109 2421 198 2464 somno,
212 2409 358 2468 recreationi,
377 2409 465 2468 regulis
478 2409 646 2465 communibus,
662 2412 799 2470 occupatio-

2 2528 4 2532 ,
35 2484 103 2529 nibus
113 2488 191 2529 autem
202 2480 287 2546 'cuique
304 2485 411 2545 propriis,
425 2485 610 2545 particularibus
623 2486 717 2546 regulis,
731 2500 799 2532 suum

36 2560 119 2620 cuique
140 2568 231 2622 tempus
247 2569 282 2608 est
302 2561 453 2622 assignatum,
469 2568 492 2609 et
513 2562 610 2623 singulae
630 2564 753 2610 ordinatae.
776 2564 800 2610 Si

37 2650 89 2697 quae
102 2643 180 2683 autem
190 2651 235 2684 non
251 2644 313 2695 sunt,
328 2651 362 2687 eae
371 2638 507 2687 ordinandae
525 2645 587 2687 sunt.
600 2640 650 2687 Hoc
665 2648 743 2688 autem
756 2654 800 2687 uo-
