1715 2908
208 161 335 197 seconcia
352 164 522 201 encaeniare
540 166 665 203 capannas
768 154 814 203 171
835 195 837 198 .

200 377 284 434 DIES
304 369 465 437 DECIMUS
492 382 672 441 SEPTIMUS

157 487 310 527 sacomam
331 491 536 530 Hannonem
561 494 716 534 scamaros
780 519 781 522 ,

316 584 365 612 VITA
378 586 456 614 CHRISTI
473 586 558 615 PUBLlCA

90 658 167 706 Venite
177 666 228 719 poci
239 676 282 717 oce,
295 668 316 709 et
333 662 417 721 faciem
433 680 471 710 oos
486 665 539 724 [ieri
551 666 673 726 piscatores
693 666 815 722 hominnm,

56 732 138 780 Matih.
150 748 183 780 iv.

332 884 350 929 Ι.
366 884 536 932 MEDITATIO.

191 978 225 1025 De
237 986 300 1029 occet
292 982 352 1029 tione
367 989 388 1029 ei
379 983 459 1031 iteiec
442 989 501 1030 noce
513 987 597 1045 Aponio
576 986 681 1032 to.iornrc

83 1078 135 1116 Proel
128 1080 267 1118 ludiomla-
278 1081 368 1122 Christus
376 1093 487 1123 convocans
497 1077 616 1137 Discipulos,
629 1090 648 1126 et
659 1097 682 1125 ex
691 1085 733 1125 illis
743 1085 818 1138 eligens

57 1129 161 1171 duodecim
171 1133 275 1183 Apostolos
284 1133 317 1185 (i)

83 1212 205 1250 Proelodiocc
216 1212 282 1252 11.-
294 1211 329 1252 Pet
322 1218 341 1252 te
350 1213 491 1254 vocationemt
483 1221 536 1255 tuam
549 1227 657 1269 agnoscere
667 1221 686 1256 e
695 1216 785 1268 impiere.

86 1301 202 1348 Panornn
211 1301 230 1346 Ι.
242 1327 270 1335 -
283 1303 319 1347 Ad
328 1304 384 1363 quid
394 1304 499 1352 Christus
509 1320 548 1353 eos
559 1307 671 1354 vocavit?

85 1378 112 1421 ¹10
123 1378 148 1422 In
159 1376 245 1422 eiectos
256 1379 389 1439 discipulos,
404 1395 462 1441 qnos
479 1396 528 1442 prae
544 1383 636 1430 caeteris
649 1397 689 1442 per
698 1397 729 1430 se
741 1383 818 1443 ipsum

55 1451 126 1498 verbo
138 1458 161 1498 ec
174 1452 278 1513 exemplo
291 1455 400 1501 erudivit,

85 1531 110 1574 2⁰
127 1528 152 1573 In
175 1526 262 1573 amicos
283 1529 385 1588 intinros,
409 1530 536 1578 familiares
558 1532 671 1586 assiduos
695 1531 818 1576 continuos

55 1602 230 1660 commensales,
242 1617 301 1664 quos
312 1605 370 1649 nihil
381 1605 474 1651 celavit.

85 1681 109 1723 30
119 1679 146 1724 In
158 1690 233 1724 soclos
244 1683 267 1724 e
284 1681 409 1740 participes
419 1682 498 1741 magni
516 1681 579 1729 illins
588 1681 683 1742 negotii,
698 1680 778 1741 quod'
772 1681 816 1740 1psi

55 1753 147 1801 aPatre
159 1754 309 1799 commissum
321 1761 380 1800 erat.

81 1829 108 1874 -04
117 1829 143 1875 In
153 1828 284 1888 Apostolos,
296 1842 337 1875 seu
355 1830 474 1876 misscsec
491 1830 553 1888 legat
554 1844 588 1886 os,
607 1831 631 1875 in
648 1830 749 1877 vicarios
772 1829 816 1876 sibi

55 1903 202 1962 substitutos,
213 1904 237 1948 in
247 1903 381 1950 fundatores
392 1909 414 1950 et
425 1905 540 1964 principes
552 1905 662 1951 Ecclesiae
675 1918 731 1951 suae.

83 1977 160 2027 Nimis
176 1977 321 2036 horcorc'ficoa'
333 1985 387 2024 secat
404 1979 471 2025 amici
490 1978 534 2033 toi,
546 1979 607 2025 Deos
617 1994 625 2026 :
637 1979 706 2024 nimis
724 1978 817 2038 confor-

55 2058 116 2100 icdas
126 2060 159 2100 esi
168 2043 313 2113 principatus
325 2068 401 2099 eoram
413 2054 450 2112 (2).

83 2128 113 2174 Ec
131 2133 165 2185 tu,
187 2128 216 2175 ad
234 2128 297 2173 idem
312 2142 404 2188 quoque
425 2132 530 2186 vocatus,
549 2141 648 2188 agnosce
663 2128 724 2174 tanti
746 2128 817 2175 officii

55 2202 201 2262 dignitatem,
222 2209 287 2250 tuam
303 2204 375 2264 ipsius
389 2203 560 2263 indignitatem,
569 2203 680 2251 *vocantis
698 2205 818 2264 dignatio-

54 2290 115 2325 nem.
128 2279 222 2325 Gratias
234 2292 284 2339 age,
298 2279 362 2336 cirne,
377 2282 400 2322 et
410 2291 476 2324 cave.

83 2355 201 2402 Punicana
212 2355 241 2400 ΙΙ.
253 2380 281 2388 -
292 2354 416 2413 Quosnam
431 2358 454 2399 et
466 2353 566 2415 quales?

84 2430 111 2474 ⁴0
125 2430 215 2476 Natura
233 2429 350 2486 cainaeos,
369 2429 485 2476 aJudaeis
502 2428 595 2490 quidem
611 2432 765 2489 contemptos,
776 2428 818 2475 sed

54 2502 182 2553 laboriosos
194 2511 217 2551 et
231 2505 352 2562 militares,
365 2505 488 2566 plerosque
504 2504 596 2562 fratres,
612 2506 763 2565 propinquos,
777 2509 817 2552 aui

55 2581 165 2642 sanguiue
179 2583 281 2641 junctos.
295 2582 363 2631 Tales
374 2582 461 2631 virture
472 2583 528 2629 fiant
540 2582 585 2628 viri
596 2581 726 2642 apostolici.

74 2688 189 2754 (ηψπ
403 2680 406 2685 ’
467 2688 571 2736 (2JPselm.
580 2698 672 2730 cxxsrrn.
