1715 2908
187 169 313 206 sueonum
334 169 502 223 unuuomnum
522 170 643 206 numurus
747 143 794 230 107
820 145 845 190 Γ

35 262 130 311 meldum
139 265 245 312 variandi
256 267 405 326 poenitentias
417 282 458 328 per
470 267 599 322 intervalla,
614 270 640 312 ut
650 265 719 310 finem
729 277 796 324 quee-

35 339 105 387 situm
118 341 282 389 consolationis
294 355 427 403 assequare.
440 345 467 389 50
477 345 550 390 Docet
566 343 637 392 etiam
648 336 743 387 modum
757 337 808 386 in-'

35 415 141 462 veniendi
160 430 293 463 mensuram
320 419 462 478 poenitentiae
485 417 552 465 nobis
574 417 748 477 convenientem
772 420 796 461 et

35 492 243 538 euoommodetum.
256 494 312 539 Haeo
323 495 399 540 omnia
411 508 439 540 ex
451 501 532 540 sancto
542 494 639 552 Ignatio.

64 565 105 610 His
116 566 206 625 positis,
220 566 273 612 vide
285 568 311 611 l0
322 581 353 613 au
363 572 386 613 et
397 569 522 628 quomodo,
536 582 582 628 quo
592 569 675 628 spiritu
686 567 795 614 observes

31 639 121 698 jejunia
133 639 244 687 Ecclesiae
255 648 278 687 et
295 641 447 689 abstinentias
468 643 602 699 societatis3
619 647 645 691 ΞΘ
665 657 695 689 an
708 641 795 688 habeas

34 713 185 772 poenitentias
204 716 360 764 ordinariesa
377 717 539 778 Superioribus
559 717 706 778 approbatas
721 729 750 763 an
773 721 796 761 et

35 789 150 849 quomodo
163 788 214 837 illas
224 791 344 849 observes3
358 795 385 839 3⁰
397 806 426 839 an
439 799 462 839 et
472 792 529 854 quid
541 793 572 839 sit
588 792 634 839 illis
653 791 792 848 addendum,
853 851 855 853 ι

35 871 75 911 eut
85 865 109 910 in
120 865 166 912 illis
177 867 321 918 mutandum.
652 885 654 887 ·

249 1127 349 1182 DIES
384 1128 578 1184 DECIMUS

142 1245 293 1284 SEGUNDAE
318 1246 522 1283 HEBDOMADAE
541 1245 689 1283 PRAEVIUS

322 1347 415 1379 mimimo
428 1348 508 1378 CHRISTI
532 1347 536 1351 ’

65 1435 183 1495 lllupistou,
195 1449 277 1495 sequor
285 1441 315 1490 to,
322 1418 456 1495 quocunqne
467 1434 531 1482 ieris.
542 1434 624 1482 lllatth.
635 1448 657 1481 o.
666 1449 718 1493 vm,
725 1437 795 1486 tle.

312 1572 329 1617 Ι.
347 1571 517 1618 ΜΕΒΙΤΑΤΙΟ.

34 1667 67 1713 Do
83 1681 152 1727 repuo
167 1666 263 1720 Christi,
273 1680 312 1713 sou
323 1666 349 1712 clo
367 1666 455 1713 Christo
471 1681 522 1728 rope
536 1667 566 1713 od
576 1666 614 1712 soi
630 1668 740 1727 sequelam
755 1666 797 1713 iu-

345 1737 431 1787 vitanti
448 1743 486 1800 (ll.

61 1843 181 1880 Proetudtum
197 1843 213 1879 Ι.
232 1861 258 1868 —-
274 1840 459 1891 Spectaculorum
477 1839 582 1880 Dominum
600 1839 656 1880 varie
674 1840 759 1880 Golilaeee
776 1848 796 1879 et

34 1893 107 1933 ludaeae
118 1894 162 1933 lone
172 1897 317 1943 peragrantem,
332 1892 474 1942 predicantem
490 1892 565 1944 ubique
582 1893 712 1944 Evangelium
723 1893 795 1944 Regni,

34 1952 54 1984 et
63 1945 173 1997 discipulos
186 1945 318 1995 colligentem.

59 2023 182 2060 Praetutium
191 2023 219 2061 11.
228 2041 253 2050 -
263 2020 310 2060 Pete
327 2018 412 2069 gretiam
422 2029 449 2058 ue
460 2018 591 2059 obsurdesces
607 2024 690 2059 roeonte
707 2019 795 2071 Christo,

34 2074 69 2113 sed
81 2073 107 2113 ad
116 2073 237 2127 sequendum
250 2072 409 2124 promptissimus
419 2071 455 2113 sis.

63 2164 179 2211 Pomorum
191 2164 209 2209 l.
219 2187 248 2198 -
257 2161 376 2209 Parabola.
391 2160 471 2219 Cogita
482 2162 508 2205 l⁰
520 2160 645 2207 humanum
654 2160 742 2220 Regem
756 2160 794 2206 di-

34 2230 120 2283 rinitus
136 2238 242 2294 electum,
260 2238 297 2283 cui
316 2236 432 2296 principes
451 2240 475 2281 et
487 2236 563 2295 populi
581 2247 661 2281 omnes
673 2235 794 2282 christiani

34 2313 187 2359 reverentiam
200 2319 223 2359 et
234 2312 370 2372 obsequium
384 2316 497 2371 praesture
507 2310 639 2366 teneantur,
653 2310 734 2372 etqui,
749 2323 796 2357 om·

34 2388 101 2434 nibus
110 2389 180 2448 regiis
189 2389 281 2435 dotibus
292 2394 395 2444 ornatus²
407 2387 510 2433 omnium
527 2386 571 2433 sihi
584 2387 673 2433 animos
688 2392 712 2434 et
724 2386 795 2434 eorde

35 2455 159 2511 devinciet.
215 2458 216 2461 ’
452 2463 454 2467 ’

63 2543 89 2587 20
98 2541 164 2586 Hunc
171 2552 300 2601 proponere
310 2538 418 2587 omnibus
429 2538 601 2599 expeditionem
614 2538 740 2600 quamdam
751 2537 798 2584 beli

57 2674 158 2722 (llLibell.
166 2676 246 2715 Exercit.
260 2645 262 2648 ·
