1715 2908
73 151 107 202 52
356 163 412 200 oms
437 162 554 203 ooaaros
580 161 581 164 ¹

44 289 46 292 v
73 262 179 324 perieris,
194 259 300 306 omnibns
316 259 426 306 omninm'
437 267 596 305 ereaturarum
609 259 679 305 etiam
691 260 836 320 possibilium

75 337 143 384 malis
155 338 220 394 longe
230 337 437 396 praeponderantia
538 386 540 389 ¹

105 415 130 457 l⁰
143 413 226 457 leram
238 411 290 456 dieo
303 412 427 464 offensam;
440 422 493 454 nam
506 424 534 455 ex
546 409 682 469 Plrilosopho
698 410 784 455 offensa
795 423 836 456 ae-

75 494 122 538 tire
137 496 238 551 sarapta,
253 497 288 537 est
303 492 371 545 aetio,
390 490 424 535 vel
439 488 532 537 omissio
542 491 581 551 jus
599 497 622 537 et
639 490 714 536 locum
731 490 836 550 praehens

74 579 184 624 personae,
200 566 227 610 ad
246 580 316 626 tinam
330 571 426 626 spectat,
442 568 483 611 irae
499 573 522 611 et
534 567 644 611 vindictae
661 566 771 612 adversus
783 579 835 611 eum

75 654 87 684 a
99 653 143 699 quo
157 640 261 699 prolecta.
274 648 317 686 est.
335 640 399 698 Quod
418 644 495 685 antem
510 641 595 695 irritat,
610 648 632 686 et.
644 640 770 686 vindictam
781 652 836 700 pro-

72 722 148 769 vocat,
160 716 276 761 ordinarie
288 724 322 761 est
333 720 487 773 contemptus,
501 720 541 760 ant
552 715 680 774 vilipensio,
691 729 731 760 seu
743 715 837 774 riegleo-

74 796 111 835 tos
126 804 238 848 personae,
253 804 321 850 qoem
341 803 389 850 prae
403 803 428 835 se
445 789 496 844 lert,
512 794 535 834 et
551 790 653 836 ostendit
670 791 710 847 riui
723 791 836 843 voluntati

72 867 122 923 rjus
135 866 236 918 obsistit,
251 866 295 910 etsi
311 865 370 910 forte
389 866 437 923 ejus
453 856 559 909 ellectum
579 878 623 910 non
642 865 762 924 impediat.
781 865 836 923 Quae

73 941 150 986 omnia
160 940 261 1000 perfecte
274 939 413 985 conveniant
426 938 499 984 cuivis
515 947 610 999 peceato
627 940 718 985 mortali
731 947 836 1001 respectu

74 1016 123 1066 Dei,
136 1029 205 1075 <poem
219 1015 303 1065 irritat,
313 1012 342 1059 'et
355 1014 420 1072 enjus
432 1013 558 1059 vindictam
576 1019 694 1073 provocat,
709 1028 749 1073 per
764 1029 837 1075 oppo-

75 1090 182 1133 sitionem
196 1088 314 1133 lormalem
331 1089 381 1145 ejus
398 1088 551 1132 sanctissimae
570 1087 691 1141 volontati,
705 1096 727 1133 et
746 1090 837 1135 Divinae

75 1164 131 1220 legis
143 1163 298 1208 violationem.
316 1163 356 1207 Est
372 1162 442 1219 igitur
456 1163 576 1207 verissima
589 1170 611 1207 et
625 1163 783 1222 propriissime
795 1163 837 1210 Dei

75 1239 169 1283 ollensa.

105 1316 130 1355 po
142 1311 207 1368 Quod
218 1311 288 1356 etiam
301 1310 378 1368 gravis
392 1310 422 1354 sit
431 1308 528 1364 offensa,
544 1316 642 1361 constat,
658 1311 712 1370 qnia
725 1310 782 1357 alias
792 1325 836 1357 non

26 1415 27 1419 =
75 1393 135 1431 esset
146 1390 265 1444 {incoatum
276 1383 382 1434 mortale,
396 1384 436 1429 srd
447 1382 546 1430 veniale.

104 1465 131 1505 30'
147 1461 212 1517 Quod
232 1461 262 1506 sit
280 1460 449 1519 qirodammodo
466 1460 563 1508 infinita,
585 1460 667 1506 dorent
686 1462 838 1507 communiter

74 1537 183 1594 Tlrrolegi
195 1550 223 1579 ex
234 1548 261 1580 oo
275 1534 394 1592 principio,
409 1534 468 1593 [ruod
481 1535 584 1593 gravitas
598 1535 690 1581 offensae
703 1537 786 1581 crescit
797 1549 838 1596 pro

73 1610 185 1669 (lignitate
199 1621 303 1667 personae
320 1621 373 1667 qum
390 1609 523 1653 offenditur.
537 1609 602 1653 Unde
615 1622 667 1653 erint
681 1609 782 1668 dignitas
796 1612 837 1655 Dei

73 1685 103 1730 sit
118 1685 213 1736 infinita,
230 1684 335 1743 seqnitur
349 1682 457 1728 ollonsarn
472 1685 521 1742 rJ'ns
533 1695 582 1728 osse
599 1684 768 1743 quodammodo
785 1684 838 1729 inl-

75 1761 122 1804 nite
136 1772 238 1818 gravem.

103 1836 128 1879 40
145 1834 209 1891 Qood
229 1834 284 1894 qnia
305 1847 349 1878 non
366 1833 471 1878 omnibns
486 1833 568 1892 placet,
584 1834 634 1879 ideo
654 1834 740 1891 addidi,
756 1835 837 1881 saltem

73 1910 161 1957 ordinis
182 1909 308 1967 superioris
321 1914 426 1967 respectu
444 1907 536 1954 offensae
548 1908 571 1952 in
586 1921 757 1969 quemeumque
769 1924 838 1955 orea-

75 1991 178 2030 tnrarrnn
192 1984 377 2037 committendae3
393 1984 448 2043 (luia
465 1988 500 2028 est
516 1982 601 2028 malum
620 1983 692 2042 ipsios
711 1985 761 2039 Dei,
776 1986 837 2045 qood

75 2060 185 2120 praevalet
203 2060 342 2119 ouicrrmqne
362 2060 421 2104 rnalo
441 2058 564 2117 onj'nsllbet
585 2064 712 2115 oreaturae3
734 2061 793 2105 sient
811 2075 838 2105 rx

75 2137 171 2182 adverso
184 2136 257 2193 gloria
269 2121 319 2188 Del,
333 2145 359 2179 ut
370 2135 455 2179 borram
468 2136 518 2190 Dei,
531 2134 691 2193 praeponderat
700 2136 837 2196 atticumque

79 2211 137 2255 loono
151 2217 272 2266 creatorae,
287 2209 333 2254 imo
346 2217 504 2254 creaturarum
518 2211 628 2254 omnium.
640 2209 672 2254 Ex
685 2224 730 2268 qno
743 2211 839 2256 evider-

76 2294 110 2331 ter
121 2286 234 2344 seniliter.
246 2290 366 2344 pecentino
381 2285 476 2330 mortale
486 2290 591 2344 respecto
604 2284 645 2328 liri
657 2279 836 2342 consideration,

75 2374 125 2405 osse
144 2360 260 2420 objectam
276 2354 378 2404 orannim
393 2362 491 2405 niaxime
508 2360 621 2413 odiosam,
635 2365 658 2404 ct
676 2375 744 2420 supin*
761 2363 836 2407 omnia

76 2436 246 2491 detestandum.
749 2439 751 2441 ’

43 2553 47 2561 ,
104 2511 188 2556 Verum
201 2515 257 2570 qrrot
270 2510 294 2554 in
304 2509 347 2555 liao
360 2524 402 2556 una
416 2512 457 2555 Dei
472 2511 557 2555 oflensa
569 2510 728 2555 deformitates
739 2523 838 2557 ronenr-

76 2595 134 2642 rant,
151 2587 253 2645 expende
267 2601 271 2630 ε
284 2592 332 2632 tros
344 2588 472 2646 prmriprras
485 2586 586 2632 attendo.
601 2587 676 2632 Prima
688 2601 693 2630 t
704 2592 738 2630 rst
750 2600 837 2632 suornm

74 2662 217 2722 ingratitudo
231 2663 340 2708 adversos
352 2675 485 2722 supremum
499 2662 562 2706 illnm
574 2662 755 2717 Benelaotorem,
768 2674 837 2721 aprio
