1715 2908
34 170 84 222 300
300 187 356 221 nnus
379 187 533 222 sarcasmus

35 282 87 327 ciis.
101 275 151 328 Hoc
169 282 240 341 igilur
250 282 324 342 ipsum
338 285 393 329 offer
406 284 435 329 ad
451 278 494 328 Dei
505 284 610 342 gloriam,
622 288 646 328 ei
656 282 684 328 ad
695 281 806 343 aliquem

35 361 126 403 cerium
149 364 172 402 ei
192 357 316 416 specialem
340 358 422 413 finem,
444 363 514 417 leque
537 359 612 417 ipsum
641 356 709 402 simul
731 358 795 402 oller.

37 434 63 477 40
84 431 166 477 Confer
187 437 210 475 ie
232 431 261 477 ad
282 433 413 478 sacristiam
436 434 581 492 tempestiue,
599 433 667 492 juxta
686 431 797 489 Regulam

37 508 150 566 quini-am,
172 505 221 563 ubi,
235 513 287 566 posi
302 508 430 553 mellonem
446 506 549 562 brevem,
564 507 614 567 lege
633 506 796 560 Direeiorium

37 583 59 626 in
71 581 157 626 llissali
176 583 254 628 omnia
274 582 376 641 praevide
394 589 417 628 el
435 588 502 637 nola3
516 596 597 628 manus
613 581 688 638 ablue,
702 580 798 627 calicem

37 648 150 716 prepara,
170 658 275 716 apposila
296 657 371 703 hosiia
391 663 413 702 el
435 657 607 716 purifical0r103
626 663 701 702 vesias
720 669 800 702 sacras

39 732 116 785 indue,
126 732 243 777 orationes
257 732 402 791 praescriplas
414 732 443 778 ad
453 731 672 790 singuladiligenler
683 735 706 776 ei
717 731 800 776 devote

40 806 168 851 meilande.
183 807 208 850 50
227 805 288 865 Opia
306 805 443 852 munditiem
459 806 562 866 corporis
581 813 603 852 et
619 806 710 861 animae,
720 818 800 865 parem

39 881 157 939 ilngelicae
168 888 191 926 ei
200 882 309 928 llarianae
320 897 324 926 ε
338 881 392 927 oller
402 881 548 927 devolioncm
556 883 657 927 oninium
668 888 800 927 sanctarum

39 957 199 1002 Sacerdotem.
221 960 246 1002 6⁰
263 958 297 1002 nd
317 957 389 1003 aliare
414 952 507 1002 landem
526 958 610 1003 aceede
629 957 672 1003 suh
692 957 801 1016 auspiciis

39 1032 141 1091 Virginis
152 1032 266 1093 Deiparae.
278 1032 323 1078 Per
340 1039 360 1078 le
376 1046 486 1078 aceessum
504 1032 622 1079 hebeninos
641 1031 670 1078 nd
680 1032 801 1086 miramo

41 1107 179 1153 Benedicta!

71 1183 99 1228 ll.
113 1208 142 1216 —
156 1182 223 1229 Circa
235 1182 413 1228 celebralionem
426 1196 509 1243 ipsam.

73 1258 226 1304 l0Seruanda
245 1265 280 1303 esi
299 1259 386 1318 Regula
402 1264 492 1318 quarta,
513 1271 565 1317 quae
585 1258 641 1305 talia
662 1258 801 1318 praeseribit.

42 1338 68 1380 l⁰
82 1333 232 1380 Celaenaeos
244 1334 319 1382 Missae
332 1350 359 1380 ee
369 1348 411 1379 uso
423 1335 524 1380 Rommm
540 1341 644 1381 accurate
653 1335 804 1394 mlealsqmsqne

43 1417 124 1463 seruet,
138 1422 190 1469 quae
210 1409 305 1468 proinde
318 1409 457 1455 addidicisse
470 1416 492 1454 el
513 1409 594 1455 sallem
615 1410 685 1454 semel
701 1411 724 1454 in
743 1423 803 1455 anno
852 1428 854 1432 ’

43 1486 133 1542 integre
143 1484 218 1541 legere
229 1489 330 1543 oporiet.
338 1488 363 1531 20
374 1484 398 1527 ln
408 1496 435 1529 ea
445 1483 583 1528 celebranda
593 1482 805 1542 proalunm‘etioeem

44 1565 64 1603 ei
77 1572 234 1617 mammemque
253 1559 324 1604 oliam
343 1558 477 1603 exteriorem
496 1559 604 1603 notionem
621 1559 655 1603 e'lu
666 1558 804 1612 moderetur,

43 1640 70 1680 eit
85 1643 129 1678 riou
141 1634 216 1678 mirem
228 1632 329 1679 ellonem
342 1632 487 1692 aedificationi
498 1648 564 1692 quom
575 1633 678 1691 propriae
693 1633 805 1678 deuotioni

43 1708 136 1754 serviet.
148 1710 174 1752 30
186 1708 215 1753 El
228 1708 281 1753 ideo
289 1708 422 1753 semihoram
435 1708 459 1752 m
470 1706 572 1765 faciendo
585 1708 653 1752 Semo
662 1721 701 1752 aec
710 1708 806 1753 mellum

44 1783 143 1837 eccedui,
157 1797 196 1827 uec
212 1784 248 1828 elo
264 1782 338 1828 brevis
351 1783 388 1836 sil,
401 1784 503 1828 aelidem
520 1795 565 1827 aeon
583 1783 677 1841 capient,
692 1795 744 1841 quae
761 1784 806 1828 tria

44 1857 216 1918 sapientissime
227 1863 316 1903 statuta
325 1863 385 1902 sunt.

75 1938 100 1981 20
120 1933 206 1979 Omnes
218 1934 363 1980 eaeremoniae
377 1947 418 1979 seu
429 1933 561 1988 uerborum,
575 1946 616 1979 seu
635 1933 750 1979 laetorum
762 1932 807 1978 dno

45 2015 94 2057 ate
108 2008 238 2070 postulant3
254 2009 360 2067 prinnini,
376 2015 400 2055 nt
417 2008 472 2054 illud
485 2001 569 2054 censii
584 2023 633 2054 sive
650 2008 745 2063 saelum,
759 2008 808 2055 sive

46 2086 134 2131 dicium
145 2090 185 2133 aut
195 2084 325 2138 eonsilium,
341 2085 369 2129 ad
381 2085 442 2144 quod
452 2084 548 2143 singulae
559 2084 698 2139 referuntur,
709 2083 806 2140 recolas,

6 2192 9 2200 ·
47 2169 70 2208 et
92 2163 169 2222 quoad
191 2162 277 2222 poteris
295 2160 414 2206 inlelleolu
432 2167 553 2221 penetres3
571 2160 706 2216 seeundum,
728 2164 754 2206 ui
776 2160 807 2205 illi

47 2238 174 2297 cognitioni
192 2237 322 2284 conformes
342 2238 445 2291 affectus,
458 2243 480 2282 el
493 2237 620 2283 voluntatis
636 2242 702 2283 aolus
721 2236 808 2282 elicias

79 2316 104 2358 3⁰
121 2313 149 2360 Et
166 2314 276 2374 quoniam
297 2312 320 2357 in
342 2313 455 2359 sacrificio
473 2314 549 2360 llissae
563 2325 608 2358 una
627 2313 759 2372 eademque,
776 2318 811 2358 esi

49 2389 132 2443 hostia
147 2388 208 2434 idem
227 2401 289 2434 nrinc
302 2388 399 2434 offerens
418 2389 568 2435 Sacerdotem
587 2388 723 2443 ministerio,
736 2388 811 2448 quise
837 2443 839 2445 Ι

49 2469 126 2525 ipsum
139 2464 192 2509 olim
203 2465 227 2509 in
238 2466 311 2511 Cruce
322 2464 414 2517 oneum,
427 2465 476 2511 sola
486 2464 596 2510 offerendi
610 2465 698 2518 ratione
710 2464 810 2519 diversa,

51 2547 76 2589 ul
90 2540 157 2585 docel
170 2539 297 2585 Concilium
307 2540 478 2595 Tridentiniim,
493 2552 550 2587 sess.
564 2542 601 2597 24,
614 2552 657 2598 cap
669 2553 696 2595 ιι,
710 2539 813 2585 animum

51 2622 117 2661 tuum
135 2616 158 2661 in
170 2615 276 2661 omnibus
286 2628 339 2661 eum
351 2628 440 2661 summo
451 2616 576 2662 Sacerdote
590 2615 680 2662 Christo
699 2628 723 2661 se
737 2616 813 2674 ipsum

52 2692 163 2739 offerente
174 2691 239 2737 unire
251 2689 329 2747 debes,
343 2691 459 2737 Passionis
470 2692 520 2751 ejus
532 2699 555 2736 el
565 2690 645 2736 lllorlis
656 2690 767 2749 mysteria
776 2688 814 2748 pie
852 2688 853 2691 ’
