1715 2908
191 209 305 251 Quanam
323 211 491 246 annuentem
518 211 648 247 sneuuous
750 198 800 248 293

40 317 65 350 se
75 307 161 366 pacati,
174 319 255 367 pacem
268 306 338 352 etiam
356 305 408 352 aliis
421 306 511 352 darent.
524 305 587 353 Sicut
598 304 662 352 arisit
673 320 706 351 me
721 306 798 359 Peter,

41 387 60 424 et
72 394 109 439 epo
121 382 186 427 mitto
200 394 247 433 eos,
260 393 313 426 cirin
326 380 406 426 eadem
426 385 549 440 potestate,
563 382 591 428 ad
611 382 718 427 eumdem
732 381 798 425 finem

41 460 64 500 et
76 456 176 506 modum.
188 454 241 501 Illos
251 456 321 514 igitur
332 455 462 516 Apostolos,
478 457 583 515 Legatos,
598 456 703 502 Vicarios
714 462 737 500 et
751 455 801 500 sub·

41 530 135 577 stitutus
146 544 201 576 suos
217 530 281 576 facit.
301 529 379 588 Qualis
398 538 421 576 et
439 535 525 591 quanta
541 531 652 590 dignitas!
665 532 704 577 sed
726 532 801 591 qualis

42 612 82 652 tua
94 606 220 665 indignitas
229 605 268 664 qui
281 605 428 651 nihilominus
439 605 500 650 illius
518 606 612 652 effectus
626 620 651 652 es
668 604 798 666 particeps!

48 725 50 727 ,
72 685 97 727 2⁰
110 683 166 728 Haec
178 694 230 726 cum
242 681 345 735 dixisset,
354 681 484 740 insufflans,
499 681 531 726 eis
545 681 604 727 dieii
617 697 624 727 :
641 683 743 739 Accipite
755 682 801 739 Spi-

41 756 112 802 ritum
132 756 247 802 Suectius.
261 756 340 813 Quale,
360 765 519 816 parentumque
532 757 627 802 donum!
642 759 713 803 vitam
730 758 802 816 spiri-

41 830 135 884 tualem,
148 831 464 889 supernaturalem,divinam
475 830 516 876 tibi
529 830 696 889 largiens,aliis
709 844 801 891 ortoque

42 905 267 950 communicandam.

72 983 97 1024 30
106 980 176 1025 Addit
190 995 194 1023 z
211 979 309 1033 Quorum
327 979 463 1025 remiseritis
478 986 577 1039 peccatu,
590 980 741 1026 reuttrmntur
754 981 799 1035 eis,·

42 1060 63 1100 et
75 1067 169 1112 pilosius
187 1054 338 1108 retinueritis,
352 1059 439 1098 retento
458 1060 519 1100 ssent.
533 1055 562 1098 Et
576 1055 626 1101 baec
640 1055 802 1099 unitersalitor

42 1130 118 1188 quoad
132 1142 248 1189 personas,
261 1136 364 1189 peccata,
377 1128 451 1185 vices,
466 1131 511 1174 iano
525 1137 588 1174 cerlo
605 1136 628 1174 et
640 1129 799 1183 infallibiliter,

43 1205 85 1249 nisi
104 1210 149 1250 stet
162 1218 201 1264 per
218 1218 265 1260 eus.
280 1204 336 1262 Quis
347 1204 397 1250 haec
412 1205 480 1263 digne
496 1205 613 1250 aestimet?
626 1218 666 1265 pro
685 1211 707 1250 te
724 1199 747 1251 et
761 1206 801 1251 tibi

43 1280 92 1325 llaec
107 1286 209 1338 potestas
229 1274 339 1325 concessa
357 1285 391 1324 est
406 1295 411 1323 z
426 1294 484 1339 quas
502 1281 589 1337 gratias
605 1280 690 1339 egisti?
703 1288 726 1326 et
743 1295 803 1341 quo-

42 1355 110 1399 modo
127 1355 239 1400 hactonus
256 1368 311 1401 usus
329 1354 370 1400 es‘?
383 1361 406 1400 et
417 1356 532 1414 utromodo
550 1369 616 1414 porro
631 1356 703 1401 uteris
721 1357 743 1401 in
761 1371 804 1416 po-

43 1429 147 1475 steram?
369 1472 370 1475 ,

73 1503 225 1564 Colloquium.
239 1504 334 1556 Gratias
344 1517 386 1562 age
403 1505 431 1550 de
442 1505 559 1562 missione,
574 1506 629 1551 oller
640 1511 663 1550 te
676 1506 705 1551 ad
716 1506 801 1560 omnia,

43 1584 95 1638 pete
106 1579 213 1639 spiritum
227 1579 386 1638 apostolicum.

221 1740 379 1771 suaataueurms
392 1740 452 1769 ausus
466 1717 617 1770 narnaamours.

195 1821 283 1866 Thorace
309 1820 457 1866 incredulitas
482 1826 503 1865 et
529 1821 650 1865 conversio.

73 1931 189 1975 Puuoauu
200 1928 219 1973 Ι.
231 1928 346 1974 —Sancti
359 1927 453 1972 Thomae
464 1927 622 1972 incredulitas.

74 2006 99 2047 l⁰
115 2004 217 2055 Thomas,
228 2016 287 2048 aeuus
305 2016 332 2047 eae
347 2000 469 2055 duodecim,
481 2014 525 2045 rios
545 2007 596 2047 erat
608 2015 657 2047 etam
672 2001 703 2046 eis
715 2005 802 2061 quoodo

43 2078 104 2123 uertit
112 2078 176 2123 Jesus
188 2077 225 2136 (ll.
237 2076 347 2135 Discipuli
361 2076 472 2120 admoniti
484 2075 512 2120 de
524 2075 691 2121 resurrectione
700 2076 800 2132 Domini,

42 2153 107 2198 illum
120 2152 253 2211 congregati
272 2150 444 2211 exspectabant.
458 2150 558 2195 Thomas
577 2164 622 2195 non
638 2150 736 2197 credens
752 2153 802 2197 dis·-

43 2228 113 2274 cessit
126 2227 197 2273 abeis
210 2224 233 2272 e't
243 2217 348 2287 priuatus
365 2225 408 2270 fuit
428 2225 517 2271 visione
531 2225 630 2281 Domini,
643 2232 667 2272 et
686 2228 768 2286 gratiis
780 2230 804 2274 in

44 2303 101 2349 alios
117 2302 203 2346 effirsis.

74 2382 98 2424 ⁶2⁰
110 2377 225 2422 Dirimant
244 2390 295 2436 erpo
312 2376 332 2421 ei
349 2375 391 2421 elii
403 2375 537 2435 Discipuli:
554 2375 657 2422 Vidimus
669 2376 802 2424 Domitium.

44 2452 125 2512 Atqui
139 2451 303 2510 priusduobus
323 2457 362 2496 aut
381 2456 483 2515 quatuor
499 2451 657 2497 asserentibus
675 2465 700 2497 se
718 2454 804 2499 vidisse

43 2527 181 2589 redivivum,
195 2539 257 2571 nunc
268 2525 381 2579 omnibus,
395 2532 418 2568 et
430 2525 489 2569 l'orte
501 2526 579 2571 Beatae
589 2525 679 2585 Virgini
688 2528 802 2588 Deiparae,

44 2591 118 2649 noluit
139 2601 242 2658 credere,
256 2602 285 2647 de
304 2600 363 2648 iiialo
383 2600 406 2646 in
426 2601 490 2660 pejus
506 2614 583 2647 ruens.
597 2603 703 2661 Agnosce
728 2604 766 2649 hio
781 2610 804 2651 et

69 2725 95 2772 (l)
103 2724 157 2764 loen.
168 2732 200 2762 xx.
