1715 2908
58 124 106 175 180
276 140 332 178 oms
351 142 460 179 uncturus
483 141 597 180 oomvus

56 235 185 294 propinqua
197 237 269 295 regni,
287 244 311 283 et
327 238 420 300 quidem
432 238 548 294 coetestis;
562 238 675 284 mercedis
691 238 819 298 amplitudo

57 316 79 353 et
90 312 216 365 aeternitas,
230 316 253 355 et
266 311 334 372 hujus
346 314 400 359 vitoe
412 311 513 358 brevitas
531 313 576 358 duo
594 318 648 357 sunt
662 312 819 357 conversionis

57 387 152 432 motiva.
172 385 333 433 Paenitentiam
346 386 413 448 cpite,
431 394 454 433 ct
470 401 565 446 reperim
576 388 681 433 cetorum
697 386 742 432 eim
753 387 818 446 puti-

57 466 96 507 tcr
110 461 150 521 (();
164 461 209 506 duo
220 462 296 508 media
309 462 448 508 necessaria.

41 579 42 582 ,
61 559 62 562 =
86 538 142 584 Haeo
152 538 251 583 materia
262 539 378 585 ordinaria
390 538 575 598 praedicationis:
587 538 661 584 forma
671 544 751 584 autem
761 539 819 584 sim-

56 614 116 672 plex,
130 613 170 658 sed
181 613 252 658 dictio
266 615 360 659 et'aotio
374 613 464 658 ardens.
477 615 511 659 De
519 614 555 659 his
567 617 651 672 cogite.

85 690 111 734 30
130 688 187 734 Cum
201 694 276 734 eutem
294 689 387 735 trudent
402 702 438 733 cos
454 688 484 733 ud
498 689 567 748 Repes
585 694 605 734 et
619 680 738 742 Pierides,
750 689 819 735 uoiite

55 763 153 821 ropiture
166 764 272 822 quomodo
284 771 325 809 uui
335 763 388 822 quid
399 761 534 823 ioquouiirii3
545 763 638 809 debitur
650 762 709 808 mim
721 763 780 808 uobis
793 764 818 808 iri

55 838 96 885 rua
105 838 163 883 horu
173 838 226 897 quid
238 838 362 896 ioquummi
372 838 409 898 (2).
423 837 517 884 Confido
529 839 600 897 igitur
610 840 635 884 in
645 851 700 884 casu
712 845 819 884 extraor-

55 911 153 959 dinario.
518 925 520 928 ·

85 990 111 1034 40
131 988 189 1053 Atiae
208 988 347 1034 functiones.
361 987 468 1046 Iupirmos
484 993 570 1042 curete,
584 993 684 1035 mortuos
700 989 815 1043 suscitate,

55 1063 151 1124 leprosos
162 1063 277 1117 pieridum,
291 1063 398 1108 doeruouee
408 1061 483 1121 ejicite
494 1062 530 1121 (3).

85 1139 140 1186 Heec
151 1139 229 1185 omnia
240 1151 343 1199 operare,
355 1137 437 1183 saitem
450 1136 611 1197 spiritualiter.
625 1138 687 1195 Quin
698 1145 721 1185 et
734 1152 818 1199 corpo-

55 1214 135 1260 raliter
154 1221 266 1275 quantum
282 1213 370 1273 poteris
387 1212 415 1258 ad
434 1212 624 1271 edificationem
640 1214 680 1259 sed
702 1215 817 1274 praecipue

17 1346 19 1349 Ι
54 1289 98 1335 hoc
111 1288 217 1334 ultimum
228 1301 295 1333 serva
310 1303 315 1332 :
331 1287 409 1332 Gratis
421 1287 544 1347 accepistis,
555 1288 628 1346 protis
640 1287 690 1334 dote
703 1290 739 1348 (4).

85 1366 110 1408 50
126 1363 155 1410 Iu
171 1377 329 1423 quemeumque
343 1362 432 1407 doricum
450 1362 602 1416 iutruoeritis,
613 1362 716 1423 priorum
730 1363 815 1410 eiicite:

30 1458 32 1462 ’
52 1439 104 1486 Pure
115 1439 168 1485 breio
183 1438 261 1485 dormi
275 1439 313 1497 (5).
328 1437 447 1483 Orandum
459 1452 500 1497 pru
514 1438 658 1484 auditoribus
673 1444 696 1485 et
708 1439 817 1486 benefac-

53 1515 150 1563 toribus
165 1516 198 1562 ‚m
214 1515 234 1560 si
248 1512 282 1559 ibi
295 1513 368 1573 fuerit
380 1512 443 1572 (ttius
456 1513 527 1573 puris,
540 1513 661 1574 requiescet
673 1528 741 1573 super
753 1514 816 1561 ilium

49 1604 99 1650 puer
111 1595 187 1636 oestro
197 1603 204 1634 :
213 1589 250 1635 siu
261 1594 345 1642 eutem,
356 1587 386 1633 ud
396 1602 432 1633 cor
443 1594 570 1635 revertetur
581 1589 619 1649 (6).
630 1649 632 1653 Ι
715 1592 716 1595 ’

82 1667 198 1711 Puerorum
210 1664 249 1710 ΙΙΙ.
262 1665 333 1709 -De
343 1662 522 1724 suscipientibus
535 1671 574 1709 aut
585 1665 746 1725 spernentibus
759 1665 815 1712 mis-

52 1741 149 1787 sionem.

37 1824 40 1827 ’
82 1819 107 1861 i0
126 1817 169 1870 Qut
182 1815 262 1875 recipit
274 1829 320 1869 uos,
337 1829 370 1860 me
383 1814 476 1874 recipit,·
490 1815 561 1875 etqui
579 1830 612 1861 me
629 1816 719 1876 recipit,
735 1818 814 1877 recipit

51 1907 101 1938 euru
113 1891 152 1950 {pii
164 1906 197 1936 me
206 1890 270 1937 misit
280 1891 316 1949 (7).
327 1891 382 1936 Haec
393 1889 495 1948 dignitas
504 1891 626 1936 missorum
639 1905 652 1936 a
666 1893 727 1938 neo„

82 1971 107 2013 20
120 1967 166 2023 Qui
177 1976 215 2011 uos
227 1965 301 2019 ondit,
314 1979 348 2011 me
364 1965 442 2021 eudit;
457 1969 477 2009 et
489 1964 528 2024 qui
540 1979 577 2010 eos
589 1967 685 2025 speruit,
702 1981 736 2012 me
749 1981 814 2027 sper-

50 2043 85 2088 uit
97 2056 103 2086 :
116 2041 155 2101 qui
165 2047 239 2087 eutem
251 2055 283 2086 me
295 2040 392 2100 speruit,
403 2041 491 2099 speruit
501 2054 550 2085 eum
561 2040 599 2099 qui
609 2042 672 2088 misit
683 2056 717 2087 me
730 2042 767 2102 (8).

81 2121 106 2162 30
120 2116 255 2177 Quicmrrque
266 2129 311 2160 nou
326 2115 450 2174 receperint
461 2129 506 2169 eos,
518 2129 586 2175 neque
599 2116 716 2162 audierint
728 2130 812 2162 sermo-

50 2206 87 2237 nes
98 2199 190 2246 oestrus,
204 2196 308 2237 coeuntes
320 2189 392 2249 forus,
406 2190 501 2237 cucutite
510 2191 625 2249 pulverem
637 2191 764 2250 tepentibus
775 2206 812 2237 oe-

50 2267 114 2311 strie
131 2267 203 2312 Arum
220 2265 271 2312 dico
283 2265 351 2322 uobis,
366 2265 505 2312 tolerabilius
516 2264 562 2311 erit
582 2272 650 2312 terme
668 2267 812 2313 Sodomorum

50 2348 71 2387 et
82 2342 277 2388 Gomerriiceorum
286 2341 312 2386 iu
324 2340 358 2386 die
366 2341 458 2400 judieii,
470 2355 536 2401 quum
549 2340 585 2387 titt
597 2341 687 2389 civitati
698 2329 743 2403 (9).Ἰ

70 2474 95 2519 [tt
103 2474 168 2509 ttctttr.
179 2486 196 2509 rr
205 2480 222 2511 et
231 2486 258 2512 xr.
467 2478 493 2519 (iii
506 2476 584 2513 ibidem.

71 2521 98 2566 (2)
106 2519 154 2556 thid.
165 2532 181 2556 x.
466 2523 491 2567 (7)
499 2521 567 2560 Mutth.
575 2533 595 2559 Χ.

72 2566 99 2611 (3)
111 2566 186 2603 lbidcm.
466 2566 491 2612 (8)
499 2567 544 2603 Luc.
553 2577 573 2603 x.

71 2611 96 2657 (tt
106 2610 186 2646 ibidem.
465 2612 491 2658 (9)
502 2611 571 2649 neith.
582 2624 601 2651 1.

71 2658 97 2704 (5)
106 2655 150 2697 Luc,
159 2667 179 2693 x.
356 2673 360 2685 x
