<?xml version="1.0" encoding="UTF-8"?>
<!DOCTYPE html PUBLIC "-//W3C//DTD XHTML 1.0 Transitional//EN"
    "http://www.w3.org/TR/xhtml1/DTD/xhtml1-transitional.dtd">
<html xmlns="http://www.w3.org/1999/xhtml" xml:lang="en" lang="en">
 <head>
  <title>
</title>
<meta http-equiv="Content-Type" content="text/html;charset=utf-8" />
  <meta name='ocr-system' content='tesseract 3.04.00' />
  <meta name='ocr-capabilities' content='ocr_page ocr_carea ocr_par ocr_line ocrx_word'/>
</head>
<body>
  <div class='ocr_page' id='page_1' title='image "MN5052ucmf_3_0196.png"; bbox 0 0 1715 2908; ppageno 0'>
   <div class='ocr_carea' id='block_1_1' title="bbox 200 113 804 171">
    <p class='ocr_par' dir='ltr' id='par_1_1' title="bbox 200 113 804 171">
     <span class='ocr_line' id='line_1_1' title="bbox 200 113 804 171; baseline 0 -2"><span class='ocrx_word' id='word_1_1' title='bbox 200 126 325 169; x_wconf 68' lang='lat' dir='ltr'>stennon</span> <span class='ocrx_word' id='word_1_2' title='bbox 344 127 511 169; x_wconf 68' lang='lat' dir='ltr'>associandae</span> <span class='ocrx_word' id='word_1_3' title='bbox 528 126 640 171; x_wconf 69' lang='lat' dir='ltr'>cernitis</span> <span class='ocrx_word' id='word_1_4' title='bbox 752 113 804 169; x_wconf 69' lang='lat'>183</span> 
     </span>
    </p>
   </div>
   <div class='ocr_carea' id='block_1_2' title="bbox 43 229 813 2399">
    <p class='ocr_par' dir='ltr' id='par_1_2' title="bbox 43 229 800 365">
     <span class='ocr_line' id='line_1_2' title="bbox 72 229 800 290; baseline -0.001 -13"><span class='ocrx_word' id='word_1_5' title='bbox 72 229 130 278; x_wconf 86' lang='lat' dir='ltr'>Vide</span> <span class='ocrx_word' id='word_1_6' title='bbox 145 245 173 276; x_wconf 85' lang='lat' dir='ltr'>ex</span> <span class='ocrx_word' id='word_1_7' title='bbox 190 230 226 277; x_wconf 91' lang='lat' dir='ltr'>his</span> <span class='ocrx_word' id='word_1_8' title='bbox 244 230 376 287; x_wconf 82' lang='lat' dir='ltr'>virtutibus,</span> <span class='ocrx_word' id='word_1_9' title='bbox 391 244 443 290; x_wconf 67' lang='lat' dir='ltr'>[puae</span> <span class='ocrx_word' id='word_1_10' title='bbox 460 230 502 276; x_wconf 86' lang='lat' dir='ltr'>tibi</span> <span class='ocrx_word' id='word_1_11' title='bbox 522 231 598 277; x_wconf 82' lang='lat' dir='ltr'>adsint</span> <span class='ocrx_word' id='word_1_12' title='bbox 617 236 657 277; x_wconf 88' lang='lat' dir='ltr'>aut</span> <span class='ocrx_word' id='word_1_13' title='bbox 676 230 763 287; x_wconf 87' lang='lat' dir='ltr'>desint;</span> <span class='ocrx_word' id='word_1_14' title='bbox 777 237 800 276; x_wconf 91' lang='lat' dir='ltr'>et</span> 
     </span>
     <span class='ocr_line' id='line_1_3' title="bbox 43 306 412 365; baseline -0.003 -14"><span class='ocrx_word' id='word_1_15' title='bbox 43 311 111 352; x_wconf 85' lang='lat' dir='ltr'>stude</span> <span class='ocrx_word' id='word_1_16' title='bbox 123 319 202 352; x_wconf 81' lang='lat' dir='ltr'>ornnes</span> <span class='ocrx_word' id='word_1_17' title='bbox 215 306 257 352; x_wconf 83' lang='lat' dir='ltr'>tibi</span> <span class='ocrx_word' id='word_1_18' title='bbox 269 319 412 365; x_wconf 86' lang='lat' dir='ltr'>comparare.</span> 
     </span>
    </p>

    <p class='ocr_par' dir='ltr' id='par_1_3' title="bbox 45 378 802 502">
     <span class='ocr_line' id='line_1_4' title="bbox 73 378 802 439; baseline -0.001 -13"><span class='ocrx_word' id='word_1_19' title='bbox 73 382 188 428; x_wconf 80' lang='lat' dir='ltr'>Pnnornrr</span> <span class='ocrx_word' id='word_1_20' title='bbox 200 381 239 425; x_wconf 87' lang='lat' dir='ltr'>lll.</span> <span class='ocrx_word' id='word_1_21' title='bbox 251 406 278 413; x_wconf 96' lang='lat'><strong>—</strong></span> <span class='ocrx_word' id='word_1_22' title='bbox 296 380 321 424; x_wconf 93' lang='lat' dir='ltr'>ln</span> <span class='ocrx_word' id='word_1_23' title='bbox 333 378 440 426; x_wconf 87' lang='lat' dir='ltr'>Missione</span> <span class='ocrx_word' id='word_1_24' title='bbox 456 378 587 439; x_wconf 80' lang='lat' dir='ltr'>specialiter</span> <span class='ocrx_word' id='word_1_25' title='bbox 604 379 707 427; x_wconf 87' lang='lat' dir='ltr'>cavenda</span> <span class='ocrx_word' id='word_1_26' title='bbox 725 385 749 425; x_wconf 94' lang='lat' dir='ltr'>et</span> <span class='ocrx_word' id='word_1_27' title='bbox 766 380 802 427; x_wconf 85' lang='lat' dir='ltr'>vi-</span> 
     </span>
     <span class='ocr_line' id='line_1_5' title="bbox 45 456 122 502; baseline -0.013 -2"><span class='ocrx_word' id='word_1_28' title='bbox 45 456 122 502; x_wconf 86' lang='lat' dir='ltr'>tanda.</span> 
     </span>
    </p>

    <p class='ocr_par' dir='ltr' id='par_1_4' title="bbox 45 530 803 666">
     <span class='ocr_line' id='line_1_6' title="bbox 74 530 803 592; baseline -0.003 -15"><span class='ocrx_word' id='word_1_29' title='bbox 74 534 97 577; x_wconf 89' lang='lat' dir='ltr'>l0</span> <span class='ocrx_word' id='word_1_30' title='bbox 109 531 212 577; x_wconf 83' lang='lat' dir='ltr'>Pretiosa</span> <span class='ocrx_word' id='word_1_31' title='bbox 230 543 283 590; x_wconf 76' lang='lat' dir='ltr'>quae</span> <span class='ocrx_word' id='word_1_32' title='bbox 299 530 328 576; x_wconf 92' lang='lat' dir='ltr'>ad</span> <span class='ocrx_word' id='word_1_33' title='bbox 344 530 438 576; x_wconf 87' lang='lat' dir='ltr'>divitias</span> <span class='ocrx_word' id='word_1_34' title='bbox 455 531 579 589; x_wconf 81' lang='lat' dir='ltr'>pertinent.</span> <span class='ocrx_word' id='word_1_35' title='bbox 596 533 673 580; x_wconf 80' lang='lat' dir='ltr'>Nolite</span> <span class='ocrx_word' id='word_1_36' title='bbox 689 532 803 592; x_wconf 80' lang='lat' dir='ltr'>possidere</span> 
     </span>
     <span class='ocr_line' id='line_1_7' title="bbox 45 606 802 666; baseline -0.004 -14"><span class='ocrx_word' id='word_1_37' title='bbox 45 620 137 659; x_wconf 50' lang='lat' dir='ltr'>orietani,</span> <span class='ocrx_word' id='word_1_38' title='bbox 150 619 219 664; x_wconf 80' lang='lat' dir='ltr'>neque</span> <span class='ocrx_word' id='word_1_39' title='bbox 229 610 358 664; x_wconf 73' lang='lat' dir='ltr'>arpentum,</span> <span class='ocrx_word' id='word_1_40' title='bbox 370 619 439 664; x_wconf 77' lang='lat' dir='ltr'>treptie</span> <span class='ocrx_word' id='word_1_41' title='bbox 446 606 566 665; x_wconf 79' lang='lat' dir='ltr'>perititiam</span> <span class='ocrx_word' id='word_1_42' title='bbox 574 608 598 652; x_wconf 83' lang='lat' dir='ltr'>in</span> <span class='ocrx_word' id='word_1_43' title='bbox 606 609 670 653; x_wconf 75' lang='lat' dir='ltr'>zonis</span> <span class='ocrx_word' id='word_1_44' title='bbox 677 608 758 654; x_wconf 79' lang='lat' dir='ltr'>cestris</span> <span class='ocrx_word' id='word_1_45' title='bbox 766 609 782 666; x_wconf 83' lang='grc'>(1</span> <span class='ocrx_word' id='word_1_46' title='bbox 789 610 802 656; x_wconf 89' lang='lat' dir='ltr'>l.</span> 
     </span>
    </p>

    <p class='ocr_par' dir='ltr' id='par_1_5' title="bbox 44 679 803 821">
     <span class='ocr_line' id='line_1_8' title="bbox 74 679 803 741; baseline -0.003 -13"><span class='ocrx_word' id='word_1_47' title='bbox 74 685 97 728; x_wconf 72' lang='lat'>⁶20</span> <span class='ocrx_word' id='word_1_48' title='bbox 108 680 210 726; x_wconf 89' lang='lat' dir='ltr'>Onerosa</span> <span class='ocrx_word' id='word_1_49' title='bbox 224 685 247 725; x_wconf 89' lang='lat' dir='ltr'>et</span> <span class='ocrx_word' id='word_1_50' title='bbox 263 679 387 739; x_wconf 87' lang='lat' dir='ltr'>superflua.</span> <span class='ocrx_word' id='word_1_51' title='bbox 404 680 481 727; x_wconf 80' lang='lat' dir='ltr'>Nolite</span> <span class='ocrx_word' id='word_1_52' title='bbox 496 686 591 740; x_wconf 78' lang='lat' dir='ltr'>portare</span> <span class='ocrx_word' id='word_1_53' title='bbox 603 683 721 737; x_wconf 80' lang='lat' dir='ltr'>sereniore,</span> <span class='ocrx_word' id='word_1_54' title='bbox 734 697 803 741; x_wconf 74' lang='lat' dir='ltr'>neone</span> 
     </span>
     <span class='ocr_line' id='line_1_9' title="bbox 44 747 782 821; baseline -0.005 -20"><span class='ocrx_word' id='word_1_55' title='bbox 44 769 130 821; x_wconf 79' lang='lat' dir='ltr'>perone,</span> <span class='ocrx_word' id='word_1_56' title='bbox 141 768 210 814; x_wconf 80' lang='lat' dir='ltr'>oeque</span> <span class='ocrx_word' id='word_1_57' title='bbox 219 755 308 813; x_wconf 75' lang='lat' dir='ltr'>oirpom</span> <span class='ocrx_word' id='word_1_58' title='bbox 319 754 326 812; x_wconf 97' lang='grc'>(</span> <span class='ocrx_word' id='word_1_59' title='bbox 340 754 356 814; x_wconf 75' lang='lat' dir='ltr'>l.</span> <span class='ocrx_word' id='word_1_60' title='bbox 777 747 782 756; x_wconf 80' lang='grc'><em>“</em></span> 
     </span>
    </p>

    <p class='ocr_par' dir='ltr' id='par_1_6' title="bbox 45 829 803 952">
     <span class='ocr_line' id='line_1_10' title="bbox 75 829 803 891; baseline 0.001 -15"><span class='ocrx_word' id='word_1_61' title='bbox 75 835 100 876; x_wconf 83' lang='lat'>30</span> <span class='ocrx_word' id='word_1_62' title='bbox 113 830 246 877; x_wconf 85' lang='lat' dir='ltr'>Commoda.</span> <span class='ocrx_word' id='word_1_63' title='bbox 258 829 335 889; x_wconf 77' lang='lat' dir='ltr'>Neque</span> <span class='ocrx_word' id='word_1_64' title='bbox 347 831 503 884; x_wconf 80' lang='lat' dir='ltr'>calceamento,</span> <span class='ocrx_word' id='word_1_65' title='bbox 516 843 584 889; x_wconf 77' lang='lat' dir='ltr'>oeque</span> <span class='ocrx_word' id='word_1_66' title='bbox 597 830 654 877; x_wconf 83' lang='lat' dir='ltr'>does</span> <span class='ocrx_word' id='word_1_67' title='bbox 665 832 752 877; x_wconf 77' lang='lat' dir='ltr'>tetricos</span> <span class='ocrx_word' id='word_1_68' title='bbox 766 831 803 891; x_wconf 77' lang='grc'>(3),</span> 
     </span>
     <span class='ocr_line' id='line_1_11' title="bbox 45 904 715 952; baseline -0.004 -1"><span class='ocrx_word' id='word_1_69' title='bbox 45 905 150 952; x_wconf 86' lang='lat' dir='ltr'>habeatis</span> <span class='ocrx_word' id='word_1_70' title='bbox 162 905 191 951; x_wconf 89' lang='lat' dir='ltr'>ad</span> <span class='ocrx_word' id='word_1_71' title='bbox 201 904 346 951; x_wconf 86' lang='lat' dir='ltr'>mutandum.</span> <span class='ocrx_word' id='word_1_72' title='bbox 713 906 715 908; x_wconf 83' lang='grc'><strong>’</strong></span> 
     </span>
    </p>

    <p class='ocr_par' dir='ltr' id='par_1_7' title="bbox 46 979 806 1115">
     <span class='ocr_line' id='line_1_12' title="bbox 74 979 806 1041; baseline 0.001 -15"><span class='ocrx_word' id='word_1_73' title='bbox 74 982 130 1027; x_wconf 82' lang='lat' dir='ltr'>Haec</span> <span class='ocrx_word' id='word_1_74' title='bbox 142 980 218 1026; x_wconf 83' lang='lat' dir='ltr'>omnia</span> <span class='ocrx_word' id='word_1_75' title='bbox 230 979 347 1026; x_wconf 90' lang='lat' dir='ltr'>contraria</span> <span class='ocrx_word' id='word_1_76' title='bbox 358 984 420 1034; x_wconf 81' lang='lat' dir='ltr'>snnt,</span> <span class='ocrx_word' id='word_1_77' title='bbox 434 986 460 1025; x_wconf 89' lang='lat' dir='ltr'>ut</span> <span class='ocrx_word' id='word_1_78' title='bbox 474 985 547 1039; x_wconf 82' lang='lat' dir='ltr'>patet,</span> <span class='ocrx_word' id='word_1_79' title='bbox 560 980 694 1040; x_wconf 79' lang='lat' dir='ltr'>apostolicae</span> <span class='ocrx_word' id='word_1_80' title='bbox 703 994 806 1041; x_wconf 87' lang='lat' dir='ltr'>pauper-</span> 
     </span>
     <span class='ocr_line' id='line_1_13' title="bbox 46 1054 595 1115; baseline -0.004 -14"><span class='ocrx_word' id='word_1_81' title='bbox 46 1057 88 1101; x_wconf 86' lang='lat' dir='ltr'>tati</span> <span class='ocrx_word' id='word_1_82' title='bbox 99 1068 152 1115; x_wconf 81' lang='lat' dir='ltr'>qnae</span> <span class='ocrx_word' id='word_1_83' title='bbox 163 1055 191 1101; x_wconf 88' lang='lat' dir='ltr'>ad</span> <span class='ocrx_word' id='word_1_84' title='bbox 201 1054 377 1100; x_wconf 68' lang='lat' dir='ltr'>aedificationem</span> <span class='ocrx_word' id='word_1_85' title='bbox 388 1054 514 1113; x_wconf 85' lang='lat' dir='ltr'>plurimum</span> <span class='ocrx_word' id='word_1_86' title='bbox 524 1054 595 1100; x_wconf 81' lang='lat' dir='ltr'>valet.</span> 
     </span>
    </p>

    <p class='ocr_par' dir='ltr' id='par_1_8' title="bbox 46 1123 807 1339">
     <span class='ocr_line' id='line_1_14' title="bbox 76 1123 805 1189; baseline -0.001 -13"><span class='ocrx_word' id='word_1_87' title='bbox 76 1133 101 1176; x_wconf 84' lang='lat' dir='ltr'>l⁰</span> <span class='ocrx_word' id='word_1_88' title='bbox 113 1131 248 1177; x_wconf 82' lang='lat' dir='ltr'>Sollicitudo</span> <span class='ocrx_word' id='word_1_89' title='bbox 260 1142 338 1175; x_wconf 88' lang='lat' dir='ltr'>rerum</span> <span class='ocrx_word' id='word_1_90' title='bbox 350 1123 519 1189; x_wconf 85' lang='lat' dir='ltr'>temporaliuin,</span> <span class='ocrx_word' id='word_1_91' title='bbox 531 1131 603 1176; x_wconf 85' lang='lat' dir='ltr'>etiarn</span> <span class='ocrx_word' id='word_1_92' title='bbox 614 1131 805 1177; x_wconf 85' lang='lat' dir='ltr'>necessariarum.</span> 
     </span>
     <span class='ocr_line' id='line_1_15' title="bbox 46 1204 807 1266; baseline -0.004 -12"><span class='ocrx_word' id='word_1_93' title='bbox 46 1206 111 1254; x_wconf 84' lang='lat' dir='ltr'>Nilril</span> <span class='ocrx_word' id='word_1_94' title='bbox 122 1204 222 1251; x_wconf 75' lang='lat' dir='ltr'>tuleritis</span> <span class='ocrx_word' id='word_1_95' title='bbox 230 1204 255 1249; x_wconf 85' lang='lat' dir='ltr'>iri</span> <span class='ocrx_word' id='word_1_96' title='bbox 264 1204 391 1264; x_wconf 61' lang='lat' dir='ltr'>trinaeque</span> <span class='ocrx_word' id='word_1_97' title='bbox 400 1218 482 1264; x_wconf 78' lang='lat' dir='ltr'>portent</span> <span class='ocrx_word' id='word_1_98' title='bbox 492 1207 534 1265; x_wconf 78' lang='lat' dir='ltr'>(t);</span> <span class='ocrx_word' id='word_1_99' title='bbox 548 1205 629 1266; x_wconf 74' lang='lat' dir='ltr'>diptico</span> <span class='ocrx_word' id='word_1_100' title='bbox 642 1212 674 1253; x_wconf 82' lang='lat' dir='ltr'>est</span> <span class='ocrx_word' id='word_1_101' title='bbox 684 1207 742 1252; x_wconf 88' lang='lat' dir='ltr'>enini</span> <span class='ocrx_word' id='word_1_102' title='bbox 754 1221 807 1266; x_wconf 85' lang='lat' dir='ltr'>ope-</span> 
     </span>
     <span class='ocr_line' id='line_1_16' title="bbox 47 1277 782 1339; baseline -0.01 -13"><span class='ocrx_word' id='word_1_103' title='bbox 47 1281 232 1339; x_wconf 81' lang='lat' dir='ltr'>rnrinseibosoo</span> <span class='ocrx_word' id='word_1_104' title='bbox 243 1277 279 1339; x_wconf 78' lang='grc'>(5).</span> <span class='ocrx_word' id='word_1_105' title='bbox 780 1296 782 1298; x_wconf 92' lang='grc'><em>·</em></span> 
     </span>
    </p>

    <p class='ocr_par' dir='ltr' id='par_1_9' title="bbox 48 1354 811 1716">
     <span class='ocr_line' id='line_1_17' title="bbox 77 1354 808 1415; baseline 0 -16"><span class='ocrx_word' id='word_1_106' title='bbox 77 1354 309 1401; x_wconf 79' lang='lat' dir='ltr'>5⁰Circun1cursatio</span> <span class='ocrx_word' id='word_1_107' title='bbox 330 1360 353 1398; x_wconf 89' lang='lat' dir='ltr'>et</span> <span class='ocrx_word' id='word_1_108' title='bbox 372 1355 470 1399; x_wconf 84' lang='lat' dir='ltr'>mutatio</span> <span class='ocrx_word' id='word_1_109' title='bbox 491 1355 581 1401; x_wconf 87' lang='lat' dir='ltr'>domus.</span> <span class='ocrx_word' id='word_1_110' title='bbox 604 1356 633 1401; x_wconf 82' lang='lat' dir='ltr'>In</span> <span class='ocrx_word' id='word_1_111' title='bbox 650 1369 808 1415; x_wconf 74' lang='lat' dir='ltr'>quemeumque</span> 
     </span>
     <span class='ocr_line' id='line_1_18' title="bbox 48 1428 810 1489; baseline -0.001 -13"><span class='ocrx_word' id='word_1_112' title='bbox 48 1432 137 1477; x_wconf 77' lang='lat' dir='ltr'>dentone</span> <span class='ocrx_word' id='word_1_113' title='bbox 155 1429 309 1483; x_wconf 81' lang='lat' dir='ltr'>intraveritis,</span> <span class='ocrx_word' id='word_1_114' title='bbox 329 1428 362 1474; x_wconf 86' lang='lat' dir='ltr'>ibi</span> <span class='ocrx_word' id='word_1_115' title='bbox 379 1436 467 1476; x_wconf 78' lang='lat' dir='ltr'>morteto</span> <span class='ocrx_word' id='word_1_116' title='bbox 485 1431 522 1489; x_wconf 84' lang='grc'>(6),</span> <span class='ocrx_word' id='word_1_117' title='bbox 544 1436 566 1475; x_wconf 88' lang='lat' dir='ltr'>et</span> <span class='ocrx_word' id='word_1_118' title='bbox 580 1431 648 1477; x_wconf 82' lang='lat' dir='ltr'>nolite</span> <span class='ocrx_word' id='word_1_119' title='bbox 667 1431 769 1477; x_wconf 76' lang='lat' dir='ltr'>transire</span> <span class='ocrx_word' id='word_1_120' title='bbox 785 1432 810 1475; x_wconf 87' lang='lat' dir='ltr'>de</span> 
     </span>
     <span class='ocr_line' id='line_1_19' title="bbox 48 1497 808 1566; baseline -0.001 -16"><span class='ocrx_word' id='word_1_121' title='bbox 48 1508 110 1552; x_wconf 84' lang='lat' dir='ltr'>domo</span> <span class='ocrx_word' id='word_1_122' title='bbox 127 1506 153 1550; x_wconf 83' lang='lat' dir='ltr'>in</span> <span class='ocrx_word' id='word_1_123' title='bbox 169 1505 258 1550; x_wconf 79' lang='lat' dir='ltr'>dornone</span> <span class='ocrx_word' id='word_1_124' title='bbox 272 1505 307 1563; x_wconf 70' lang='lat' dir='ltr'>(ll,</span> <span class='ocrx_word' id='word_1_125' title='bbox 326 1517 378 1549; x_wconf 89' lang='lat' dir='ltr'>cunr</span> <span class='ocrx_word' id='word_1_126' title='bbox 391 1505 517 1550; x_wconf 86' lang='lat' dir='ltr'>offensione</span> <span class='ocrx_word' id='word_1_127' title='bbox 527 1497 647 1566; x_wconf 80' lang='lat' dir='ltr'>hospitem</span> <span class='ocrx_word' id='word_1_128' title='bbox 663 1513 685 1551; x_wconf 88' lang='lat' dir='ltr'>et</span> <span class='ocrx_word' id='word_1_129' title='bbox 703 1507 808 1552; x_wconf 85' lang='lat' dir='ltr'>aliorunr.</span> 
     </span>
     <span class='ocr_line' id='line_1_20' title="bbox 48 1578 811 1641; baseline -0.003 -14"><span class='ocrx_word' id='word_1_130' title='bbox 48 1582 91 1627; x_wconf 86' lang='lat' dir='ltr'>Sed</span> <span class='ocrx_word' id='word_1_131' title='bbox 104 1583 130 1626; x_wconf 82' lang='lat' dir='ltr'>in</span> <span class='ocrx_word' id='word_1_132' title='bbox 143 1593 300 1639; x_wconf 79' lang='lat' dir='ltr'>qiionreirntqoe</span> <span class='ocrx_word' id='word_1_133' title='bbox 314 1578 428 1625; x_wconf 78' lang='lat' dir='ltr'>civitatem</span> <span class='ocrx_word' id='word_1_134' title='bbox 443 1579 596 1636; x_wconf 75' lang='lat' dir='ltr'>intraveritis,</span> <span class='ocrx_word' id='word_1_135' title='bbox 611 1581 750 1641; x_wconf 77' lang='lat' dir='ltr'>interropote</span> <span class='ocrx_word' id='word_1_136' title='bbox 762 1581 811 1640; x_wconf 82' lang='lat' dir='ltr'>qtris</span> 
     </span>
     <span class='ocr_line' id='line_1_21' title="bbox 49 1653 616 1716; baseline -0.004 -15"><span class='ocrx_word' id='word_1_137' title='bbox 49 1657 74 1701; x_wconf 83' lang='lat' dir='ltr'>io</span> <span class='ocrx_word' id='word_1_138' title='bbox 87 1671 113 1702; x_wconf 85' lang='lat' dir='ltr'>eo</span> <span class='ocrx_word' id='word_1_139' title='bbox 123 1656 204 1716; x_wconf 68' lang='lat' dir='ltr'>clipeos</span> <span class='ocrx_word' id='word_1_140' title='bbox 213 1656 253 1708; x_wconf 85' lang='lat' dir='ltr'>sit,</span> <span class='ocrx_word' id='word_1_141' title='bbox 267 1661 288 1700; x_wconf 90' lang='lat' dir='ltr'>et</span> <span class='ocrx_word' id='word_1_142' title='bbox 300 1653 332 1699; x_wconf 81' lang='lat' dir='ltr'>ibi</span> <span class='ocrx_word' id='word_1_143' title='bbox 343 1660 430 1700; x_wconf 81' lang='lat' dir='ltr'>mortete</span> <span class='ocrx_word' id='word_1_144' title='bbox 443 1654 510 1700; x_wconf 81' lang='lat' dir='ltr'>detrec</span> <span class='ocrx_word' id='word_1_145' title='bbox 522 1655 616 1702; x_wconf 73' lang='lat' dir='ltr'>erectis.</span> 
     </span>
    </p>

    <p class='ocr_par' dir='ltr' id='par_1_10' title="bbox 50 1729 810 1865">
     <span class='ocr_line' id='line_1_22' title="bbox 79 1729 810 1790; baseline -0.004 -12"><span class='ocrx_word' id='word_1_146' title='bbox 79 1730 217 1778; x_wconf 70' lang='lat' dir='ltr'>connectio</span> <span class='ocrx_word' id='word_1_147' title='bbox 241 1730 346 1775; x_wconf 87' lang='lat' dir='ltr'>ciborum</span> <span class='ocrx_word' id='word_1_148' title='bbox 363 1729 496 1784; x_wconf 72' lang='lat' dir='ltr'>lautiorem.</span> <span class='ocrx_word' id='word_1_149' title='bbox 517 1730 654 1781; x_wconf 82' lang='lat' dir='ltr'>Moodrteote</span> <span class='ocrx_word' id='word_1_150' title='bbox 670 1744 719 1790; x_wconf 75' lang='lat' dir='ltr'>pirre</span> <span class='ocrx_word' id='word_1_151' title='bbox 739 1745 810 1790; x_wconf 86' lang='lat' dir='ltr'>oppo-</span> 
     </span>
     <span class='ocr_line' id='line_1_23' title="bbox 50 1804 516 1865; baseline -0.002 -13"><span class='ocrx_word' id='word_1_152' title='bbox 50 1814 139 1854; x_wconf 80' lang='lat' dir='ltr'>nentne</span> <span class='ocrx_word' id='word_1_153' title='bbox 148 1805 208 1851; x_wconf 82' lang='lat' dir='ltr'>cobis</span> <span class='ocrx_word' id='word_1_154' title='bbox 218 1806 246 1865; x_wconf 86' lang='grc'>(8(</span> <span class='ocrx_word' id='word_1_155' title='bbox 255 1819 260 1860; x_wconf 86' lang='grc'>;</span> <span class='ocrx_word' id='word_1_156' title='bbox 271 1804 306 1849; x_wconf 88' lang='lat' dir='ltr'>his</span> <span class='ocrx_word' id='word_1_157' title='bbox 316 1805 420 1850; x_wconf 83' lang='lat' dir='ltr'>contenti</span> <span class='ocrx_word' id='word_1_158' title='bbox 432 1811 516 1851; x_wconf 86' lang='lat' dir='ltr'>estote.</span> 
     </span>
    </p>

    <p class='ocr_par' dir='ltr' id='par_1_11' title="bbox 62 1877 809 2018">
     <span class='ocr_line' id='line_1_24' title="bbox 79 1877 809 1942; baseline -0.003 -13"><span class='ocrx_word' id='word_1_159' title='bbox 79 1885 104 1928; x_wconf 81' lang='lat'>70</span> <span class='ocrx_word' id='word_1_160' title='bbox 117 1882 199 1929; x_wconf 89' lang='lat' dir='ltr'>Officia</span> <span class='ocrx_word' id='word_1_161' title='bbox 219 1890 241 1927; x_wconf 90' lang='lat' dir='ltr'>et</span> <span class='ocrx_word' id='word_1_162' title='bbox 261 1881 407 1928; x_wconf 81' lang='lat' dir='ltr'>visitationes</span> <span class='ocrx_word' id='word_1_163' title='bbox 422 1881 554 1941; x_wconf 83' lang='lat' dir='ltr'>superfluae.</span> <span class='ocrx_word' id='word_1_164' title='bbox 565 1877 682 1930; x_wconf 81' lang='lat' dir='ltr'>Neminem</span> <span class='ocrx_word' id='word_1_165' title='bbox 691 1895 736 1942; x_wconf 83' lang='lat' dir='ltr'>per</span> <span class='ocrx_word' id='word_1_166' title='bbox 751 1881 809 1927; x_wconf 80' lang='lat' dir='ltr'>viora</span> 
     </span>
     <span class='ocr_line' id='line_1_25' title="bbox 62 1957 768 2018; baseline -0.003 -13"><span class='ocrx_word' id='word_1_167' title='bbox 62 1958 205 2011; x_wconf 66' lang='lat' dir='ltr'>electores-itis</span> <span class='ocrx_word' id='word_1_168' title='bbox 215 1957 253 2018; x_wconf 75' lang='grc'>(9),</span> <span class='ocrx_word' id='word_1_169' title='bbox 265 1970 318 2004; x_wconf 86' lang='lat' dir='ltr'>curn</span> <span class='ocrx_word' id='word_1_170' title='bbox 325 1957 418 2016; x_wconf 78' lang='lat' dir='ltr'>jactura</span> <span class='ocrx_word' id='word_1_171' title='bbox 430 1958 550 2018; x_wconf 84' lang='lat' dir='ltr'>temporis.</span> <span class='ocrx_word' id='word_1_172' title='bbox 766 2005 768 2007; x_wconf 63' lang='grc'><strong>,</strong></span> 
     </span>
    </p>

    <p class='ocr_par' dir='ltr' id='par_1_12' title="bbox 52 2030 811 2169">
     <span class='ocr_line' id='line_1_26' title="bbox 80 2030 811 2094; baseline -0.003 -12"><span class='ocrx_word' id='word_1_173' title='bbox 80 2037 136 2082; x_wconf 85' lang='lat' dir='ltr'>Haec</span> <span class='ocrx_word' id='word_1_174' title='bbox 147 2032 224 2086; x_wconf 83' lang='lat' dir='ltr'>omnia</span> <span class='ocrx_word' id='word_1_175' title='bbox 234 2030 338 2094; x_wconf 80' lang='lat' dir='ltr'>pugnant</span> <span class='ocrx_word' id='word_1_176' title='bbox 349 2032 480 2092; x_wconf 81' lang='lat' dir='ltr'>specialiter</span> <span class='ocrx_word' id='word_1_177' title='bbox 492 2046 546 2079; x_wconf 87' lang='lat' dir='ltr'>cunr</span> <span class='ocrx_word' id='word_1_178' title='bbox 557 2033 735 2080; x_wconf 83' lang='lat' dir='ltr'>mortificatione</span> <span class='ocrx_word' id='word_1_179' title='bbox 752 2047 811 2094; x_wconf 92' lang='lat' dir='ltr'>apo-</span> 
     </span>
     <span class='ocr_line' id='line_1_27' title="bbox 52 2110 415 2169; baseline -0.011 -12"><span class='ocrx_word' id='word_1_180' title='bbox 52 2112 133 2159; x_wconf 88' lang='lat' dir='ltr'>stolica</span> <span class='ocrx_word' id='word_1_181' title='bbox 146 2110 260 2158; x_wconf 80' lang='lat' dir='ltr'>elmundi</span> <span class='ocrx_word' id='word_1_182' title='bbox 273 2112 415 2169; x_wconf 85' lang='lat' dir='ltr'>contemptu.</span> 
     </span>
    </p>

    <p class='ocr_par' dir='ltr' id='par_1_13' title="bbox 52 2178 813 2399">
     <span class='ocr_line' id='line_1_28' title="bbox 81 2178 813 2245; baseline -0.005 -10"><span class='ocrx_word' id='word_1_183' title='bbox 81 2191 137 2237; x_wconf 77' lang='lat' dir='ltr'>Haec</span> <span class='ocrx_word' id='word_1_184' title='bbox 148 2178 225 2234; x_wconf 86' lang='lat' dir='ltr'>omnia</span> <span class='ocrx_word' id='word_1_185' title='bbox 244 2185 329 2232; x_wconf 86' lang='lat' dir='ltr'>Christi</span> <span class='ocrx_word' id='word_1_186' title='bbox 345 2199 386 2231; x_wconf 88' lang='lat' dir='ltr'>seu</span> <span class='ocrx_word' id='word_1_187' title='bbox 398 2190 523 2245; x_wconf 64' lang='lat' dir='ltr'>praecepta7v</span> <span class='ocrx_word' id='word_1_188' title='bbox 536 2199 576 2242; x_wconf 86' lang='lat' dir='ltr'>seu</span> <span class='ocrx_word' id='word_1_189' title='bbox 591 2186 694 2239; x_wconf 80' lang='lat' dir='ltr'>consilia,</span> <span class='ocrx_word' id='word_1_190' title='bbox 709 2199 762 2232; x_wconf 87' lang='lat' dir='ltr'>cnm</span> <span class='ocrx_word' id='word_1_191' title='bbox 773 2201 813 2232; x_wconf 91' lang='lat' dir='ltr'>re-</span> 
     </span>
     <span class='ocr_line' id='line_1_29' title="bbox 52 2260 813 2323; baseline -0.007 -11"><span class='ocrx_word' id='word_1_192' title='bbox 52 2265 156 2312; x_wconf 82' lang='lat' dir='ltr'>verentia</span> <span class='ocrx_word' id='word_1_193' title='bbox 172 2269 196 2310; x_wconf 90' lang='lat' dir='ltr'>et</span> <span class='ocrx_word' id='word_1_194' title='bbox 213 2263 340 2323; x_wconf 79' lang='lat' dir='ltr'>gratiarnm</span> <span class='ocrx_word' id='word_1_195' title='bbox 358 2260 447 2309; x_wconf 86' lang='lat' dir='ltr'>actione</span> <span class='ocrx_word' id='word_1_196' title='bbox 464 2262 551 2322; x_wconf 88' lang='lat' dir='ltr'>accipe,</span> <span class='ocrx_word' id='word_1_197' title='bbox 564 2269 593 2318; x_wconf 80' lang='lat' dir='ltr'>et,</span> <span class='ocrx_word' id='word_1_198' title='bbox 607 2275 648 2322; x_wconf 91' lang='lat' dir='ltr'>pro</span> <span class='ocrx_word' id='word_1_199' title='bbox 667 2275 742 2320; x_wconf 87' lang='lat' dir='ltr'>posse,</span> <span class='ocrx_word' id='word_1_200' title='bbox 756 2276 813 2322; x_wconf 88' lang='lat' dir='ltr'>pru-</span> 
     </span>
     <span class='ocr_line' id='line_1_30' title="bbox 53 2336 812 2399; baseline -0.008 -11"><span class='ocrx_word' id='word_1_201' title='bbox 53 2341 133 2388; x_wconf 90' lang='lat' dir='ltr'>denter</span> <span class='ocrx_word' id='word_1_202' title='bbox 146 2353 174 2386; x_wconf 86' lang='lat' dir='ltr'>ac</span> <span class='ocrx_word' id='word_1_203' title='bbox 185 2337 293 2398; x_wconf 78' lang='lat' dir='ltr'>religiose</span> <span class='ocrx_word' id='word_1_204' title='bbox 305 2337 410 2383; x_wconf 85' lang='lat' dir='ltr'>observa.</span> <span class='ocrx_word' id='word_1_205' title='bbox 422 2336 450 2382; x_wconf 93' lang='lat' dir='ltr'>Id</span> <span class='ocrx_word' id='word_1_206' title='bbox 462 2337 537 2396; x_wconf 85' lang='lat' dir='ltr'>ipsum</span> <span class='ocrx_word' id='word_1_207' title='bbox 548 2338 571 2382; x_wconf 88' lang='lat' dir='ltr'>in</span> <span class='ocrx_word' id='word_1_208' title='bbox 587 2338 701 2398; x_wconf 88' lang='lat' dir='ltr'>colloquio</span> <span class='ocrx_word' id='word_1_209' title='bbox 712 2338 812 2399; x_wconf 47' lang='lat' dir='ltr'>postulat</span> 
     </span>
    </p>
   </div>
   <div class='ocr_carea' id='block_1_3' title="bbox 75 2471 588 2703">
    <p class='ocr_par' dir='ltr' id='par_1_14' title="bbox 75 2471 588 2703">
     <span class='ocr_line' id='line_1_31' title="bbox 75 2471 588 2524; baseline -0.01 -11"><span class='ocrx_word' id='word_1_210' title='bbox 75 2478 94 2522; x_wconf 84' lang='lat' dir='ltr'>(l</span> <span class='ocrx_word' id='word_1_211' title='bbox 110 2475 208 2513; x_wconf 48' lang='lat' dir='ltr'>Martha</span> <span class='ocrx_word' id='word_1_212' title='bbox 469 2471 571 2524; x_wconf 60' lang='lat' dir='ltr'>(dthcax.</span> <span class='ocrx_word' id='word_1_213' title='bbox 587 2492 588 2495; x_wconf 64' lang='lat'><em>=</em></span> 
     </span>
     <span class='ocr_line' id='line_1_32' title="bbox 77 2518 583 2565; baseline -0.006 -7"><span class='ocrx_word' id='word_1_214' title='bbox 77 2522 96 2565; x_wconf 76' lang='lat'>(2</span> <span class='ocrx_word' id='word_1_215' title='bbox 111 2521 156 2558; x_wconf 83' lang='lat' dir='ltr'>Luc.</span> <span class='ocrx_word' id='word_1_216' title='bbox 167 2529 186 2557; x_wconf 77' lang='lat' dir='ltr'>x.</span> <span class='ocrx_word' id='word_1_217' title='bbox 468 2519 495 2562; x_wconf 84' lang='grc'>(7)</span> <span class='ocrx_word' id='word_1_218' title='bbox 507 2518 554 2553; x_wconf 84' lang='lat' dir='ltr'>Ibro.</span> <span class='ocrx_word' id='word_1_219' title='bbox 562 2527 583 2555; x_wconf 63' lang='lat' dir='ltr'>xa</span> 
     </span>
     <span class='ocr_line' id='line_1_33' title="bbox 76 2563 578 2614; baseline -0.008 -11"><span class='ocrx_word' id='word_1_220' title='bbox 76 2567 103 2613; x_wconf 72' lang='lat'>(3)</span> <span class='ocrx_word' id='word_1_221' title='bbox 112 2566 179 2605; x_wconf 74' lang='lat' dir='ltr'>Matre.</span> <span class='ocrx_word' id='word_1_222' title='bbox 187 2571 206 2602; x_wconf 63' lang='lat' dir='ltr'>xa</span> <span class='ocrx_word' id='word_1_223' title='bbox 469 2563 495 2608; x_wconf 70' lang='grc'>(8(</span> <span class='ocrx_word' id='word_1_224' title='bbox 503 2563 547 2614; x_wconf 78' lang='lat' dir='ltr'>Lac.</span> <span class='ocrx_word' id='word_1_225' title='bbox 558 2574 578 2599; x_wconf 82' lang='lat' dir='ltr'>x.</span> 
     </span>
     <span class='ocr_line' id='line_1_34' title="bbox 77 2608 583 2659; baseline -0.006 -10"><span class='ocrx_word' id='word_1_226' title='bbox 77 2613 104 2659; x_wconf 75' lang='lat' dir='ltr'>(t)</span> <span class='ocrx_word' id='word_1_227' title='bbox 111 2612 155 2649; x_wconf 85' lang='lat' dir='ltr'>an.</span> <span class='ocrx_word' id='word_1_228' title='bbox 164 2621 183 2649; x_wconf 82' lang='lat' dir='ltr'>x.</span> <span class='ocrx_word' id='word_1_229' title='bbox 468 2610 494 2654; x_wconf 73' lang='lat'>(9)</span> <span class='ocrx_word' id='word_1_230' title='bbox 503 2608 583 2646; x_wconf 81' lang='lat' dir='ltr'>Ibidem.</span> 
     </span>
     <span class='ocr_line' id='line_1_35' title="bbox 79 2657 208 2703; baseline -0.008 -9"><span class='ocrx_word' id='word_1_231' title='bbox 79 2657 105 2703; x_wconf 79' lang='lat'>(5)</span> <span class='ocrx_word' id='word_1_232' title='bbox 112 2658 179 2694; x_wconf 82' lang='lat' dir='ltr'>Marta.</span> <span class='ocrx_word' id='word_1_233' title='bbox 187 2661 208 2693; x_wconf 75' lang='lat' dir='ltr'>x.</span> 
     </span>
    </p>
   </div>
   <div class='ocr_carea' id='block_1_4' title="bbox 0 0 880 2908">
    <p class='ocr_par' dir='ltr' id='par_1_15' title="bbox 0 0 880 2908">
     <span class='ocr_line' id='line_1_36' title="bbox 0 0 880 2908; baseline 0 0"><span class='ocrx_word' id='word_1_234' title='bbox 0 0 880 2908; x_wconf 95' lang='lat' dir='ltr'> </span> 
     </span>
    </p>
   </div>
  </div>
 </body>
</html>
