1715 2908
64 120 115 169 240
266 135 323 170 oms
340 136 477 172 urensmos
505 136 622 176 ounnros
675 147 676 150 ¹

65 234 163 279 honesta
182 233 308 289 moraliter,
321 236 376 295 quia
388 218 571 295 supernaturalis
585 250 590 279 :
604 236 678 296 major
689 234 759 280 etiarn
772 249 826 295 qna·

66 321 164 367 eumque
175 311 354 367 supernaturali,
363 315 442 369 utpote
451 323 522 356 eausa
535 311 654 356 meritoria
665 315 689 356 et
701 303 825 369 exemplari

67 384 134 428 illius
147 383 235 428 Deinde
249 383 292 429 fuit
305 385 333 430 de
344 385 450 431 omnibus
461 386 554 431 omnino
572 385 672 444 peccatis
691 386 824 445 praeteritis,

66 458 219 515 praesentrbos
231 464 254 503 et
264 458 349 505 littoris
365 461 426 506 clare
439 460 546 518 cognitis,
561 474 589 504 ex
606 474 684 505 amore
701 473 790 505 summo
803 468 826 505 et

66 533 140 591 gratia
152 534 251 577 maxime
264 534 435 580 intensa.Unde
446 548 528 593 irioprm
541 535 626 580 dicitur
636 535 697 580 velet
708 548 770 579 litore
779 549 827 579 eori-

2 634 4 637 -
65 607 131 652 tritio
143 608 191 666 ejus
209 608 245 665 (l).
259 608 318 653 Hinc
335 616 389 668 pete
405 621 479 666 aquas
498 609 653 654 contritionis.
665 608 732 665 Quod
750 609 768 653 si
786 610 825 668 qui

66 681 203 738 poenitentes
216 682 286 728 eorde
300 685 372 728 scisso
384 697 412 728 ex
430 684 570 729 contritione
589 683 674 728 mortui
694 688 757 737 sunt,
770 684 826 742 quid

65 754 130 801 fieret
141 756 240 812 Christo,
255 757 300 802 uisi
311 757 452 803 obsisteret?

94 831 137 876 Hie
157 832 221 877 dolor
240 831 291 876 fons
310 838 386 877 estet
408 831 525 891 exemplar
539 831 619 888 illins,
633 845 702 892 quem
724 832 826 877 excitare

64 904 134 951 debes
147 907 171 950 in
183 906 326 952 confessione
337 907 413 951 activa
427 913 450 951 et
460 906 563 965 passiva.

95 981 248 1040 Colloquium.
259 982 313 1027 Pete
326 995 369 1026 non
382 981 498 1027 modicam
517 980 575 1026 tanti
595 980 681 1025 doloris
699 979 826 1039 participe-

65 1056 160 1101 tionem.

338 1222 366 1266 ΙΙ.
383 1220 555 1265 MEDITATIO.

95 1367 97 1369 .
171 1327 281 1381 Quomodo
296 1326 401 1373 Christos
417 1327 443 1369 iri
460 1324 558 1370 tristitia
573 1338 595 1367 se
610 1324 712 1382 pesserit.

92 1436 213 1471 Proelurlium
223 1435 239 1471 I.
251 1453 274 1460 -
284 1431 378 1470 Historia.

93 1509 212 1545 Praetutium
224 1507 250 1543 ll.
263 1526 289 1533 —-
302 1504 391 1542 Christus
401 1502 520 1542 moratione
531 1510 646 1553 prostratus.

94 1585 213 1620 proludium
223 1582 261 1620 111.
275 1599 300 1607 -
312 1579 360 1617 Pete
372 1588 417 1616 eum
427 1578 503 1616 imitari
514 1579 534 1615 in
544 1578 616 1628 poenis.

96 1673 209 1716 Pomorum
225 1670 242 1714 Ι.
264 1693 294 1701 -
314 1667 374 1724 Quid
398 1666 454 1712 facit
478 1667 582 1712 Christus
603 1668 626 1711 in
648 1666 687 1711 illa
712 1667 826 1713 tristitia?

65 1749 90 1791 l0
103 1746 152 1790 Non
164 1744 228 1789 illam
239 1743 332 1801 retegit,
345 1747 385 1786 ant
396 1742 471 1787 vitare
482 1741 574 1801 (perierit,
586 1755 631 1786 non
640 1742 742 1787 humana
754 1756 825 1786 emen-

66 1823 128 1868 dicat
141 1818 296 1874 solatia,nihil
309 1819 417 1862 immutat
428 1819 451 1861 in
464 1818 532 1862 modo
546 1818 636 1874 agendi,
651 1816 699 1862 ibet
708 1817 825 1862 secundiori

65 1895 246 1943 corisoetrldiiiem
257 1909 281 1939 ui
296 1900 392 1939 moelem
403 1893 522 1938 (itinerum
533 1894 569 1951 (2).
582 1896 607 1939 ⁶2⁰
618 1893 643 1937 ln
655 1893 761 1950 ingressu
775 1901 825 1938 octo
849 1913 851 1925 ι

66 1971 196 2030 Discipulos
224 1969 346 2028 relinquit,
370 1968 442 2014 tribus
464 1968 581 2013 fidissimis
603 1968 727 2026 assumptis
753 1970 826 2028 aperit

66 2047 194 2101 tristitiam,
209 2058 254 2089 non
267 2043 296 2089 ad
309 2043 424 2100 solatium,
438 2042 477 2087 sed
495 2042 524 2087 ad
542 2042 707 2087 documentum
722 2057 726 2086 :
745 2042 826 2088 Tristis

66 2129 106 2175 est,
120 2122 203 2180 iuquit,
217 2119 294 2164 ortium
303 2133 353 2163 ineo
362 2132 430 2176 iisqne
441 2117 470 2162 ud
485 2124 580 2163 mortem
590 2117 627 2175 (3).
638 2118 757 2176 Perpende
777 2117 826 2162 sin-

66 2196 131 2255 gulas
151 2204 238 2241 voees:
258 2194 368 2239 Sustiriete
390 2193 433 2247 liii,
454 2198 475 2237 et
494 2192 584 2251 oipilele
601 2206 692 2237 ilicium.
711 2195 736 2237 3⁰
758 2192 826 2237 Paulo

67 2279 118 2330 post
130 2270 204 2315 adhuc
215 2269 317 2314 avellens
330 2281 354 2313 se
365 2268 394 2313 ab
406 2269 447 2322 eis,
459 2268 491 2313 ait
502 2282 506 2310 z
519 2268 594 2312 Sedete
606 2267 649 2321 hie,
662 2267 729 2312 donee
746 2267 825 2311 eodum

66 2346 149 2391 illucet
160 2358 222 2389 orem
232 2345 271 2403 [ll.
284 2343 321 2389 Sic
334 2348 357 2388 et
368 2349 393 2387 tu
407 2343 430 2386 in
443 2342 517 2402 poenis
530 2342 626 2386 internis
639 2342 761 2401 acquiesce
769 2343 824 2393 Deo,

67 2425 103 2466 sta
124 2420 147 2463 in
168 2418 300 2478 propositis⁷
317 2417 409 2477 despice
430 2417 529 2462 humana
553 2416 644 2469 solatia,
664 2417 728 2476 aperi
743 2416 826 2476 quibus

89 2598 192 2643 litteren.
202 2607 225 2633 n.
346 2582 348 2585 ’
484 2596 511 2641 (3)
518 2595 586 2632 Matth.
596 2606 645 2633 xnrr.

89 2643 222 2690 (mumma.
483 2641 597 2686 tltlhidem.
