1715 2908
80 115 130 165 144
299 129 355 164 ores
373 98 483 168 enerues
502 129 619 169 beandos

81 224 238 284 obligatorias,
254 224 361 284 qrramvis
372 223 478 269 difficiles
489 229 512 270 et
525 224 621 280 ardnas3
633 228 659 272 2⁰
672 225 701 271 ad
712 237 791 272 omnes
802 227 840 275 Su·

80 302 190 358 perimes,
212 304 234 343 et
250 298 296 344 illis
318 298 487 350 subordinatos
509 300 532 343 in
551 311 591 344 suo
608 298 688 351 ordine
710 308 733 345 et
750 300 838 356 officim

80 377 107 418 3⁰
119 375 146 419 arl
161 373 246 417 nudum
257 373 347 431 signum
359 372 484 417 voluntatis
495 387 582 430 eorum,
595 373 644 418 sine
663 373 708 418 ullo
724 381 840 434 praecepto

81 462 197 509 expresse.
211 449 235 493 4⁰
248 448 348 493 Includit
359 454 406 493 tres
418 448 503 506 gradus
516 448 665 502 executionis,
678 449 802 495 voluntatis
818 458 841 495 et

80 524 171 584 judicii.
186 525 211 568 50
223 523 329 569 Procedit
341 536 386 568 non
399 537 427 568 ex
437 523 527 570 timore.
541 523 581 571 sed
593 538 620 569 ex
631 537 708 571 amore
721 521 744 570 'et
754 525 839 571 motivo
854 534 855 537 ’

80 600 172 647 Diuinae
185 598 319 646 uoluntatis.
333 602 357 645 60
371 597 424 645 Vult
436 611 477 645 nos
488 599 574 645 moveri
585 599 613 645 ad
632 607 714 646 nulum
732 602 841 662 Superio-

81 677 122 729 ris,
136 682 162 722 ut
172 676 271 722 cadaver
285 681 325 721 aut
335 675 396 720 suuis
409 673 511 720 baculus.

113 754 138 797 4⁰
151 753 225 797 lllrdia
238 752 266 796 ad
277 750 455 808 comparandam
467 750 622 795 obedientiam
631 751 763 811 perfectam.
775 761 840 803 siml:

84 829 109 871 l0
123 826 288 878 humilitasper
301 825 388 868 militas
401 837 439 869 seu
450 824 603 869 mansuetudo
616 839 621 867 ;
635 829 660 871 ⁶20
674 826 759 871 intueri
770 828 842 873 Deum

83 902 105 947 in
116 900 294 960 Superioribus:
309 901 334 942 3Ο
347 911 425 941 eornm
439 898 547 945 nrandata
566 902 675 958 tanquam
689 901 729 943 Dei
746 901 841 945 verbum

83 977 201 1035 accipere3
214 977 239 1019 40
258 974 316 1018 bene
338 971 395 1016 affici
415 985 469 1029 erga
487 972 544 1023 illos,
560 985 686 1033 eorumque
702 974 765 1020 dicta
784 974 843 1020 lueri

84 1053 242 1112 potiusquam
254 1049 403 1109 impugnare:
418 1047 443 1090 50
457 1045 511 1090 nihil
531 1051 610 1097 eontra
625 1048 689 1106 jussa
706 1063 841 1110 proponere,

83 1129 127 1173 nisi
141 1129 187 1173 Deo
196 1128 258 1185 prius
269 1123 411 1179 consulto,et
420 1124 496 1170 altimo
504 1128 583 1183 parato
595 1124 623 1168 ad
635 1125 841 1185 acquiescendum:

84 1208 110 1250 6⁰
124 1203 228 1262 cample
245 1199 329 1247 Cbristi
342 1207 364 1244 et
377 1199 522 1255 Sanctorum,
532 1204 556 1245 et
571 1199 683 1246 miracula
698 1200 722 1246 in
740 1201 844 1249 fauorem

85 1279 223 1327 obedientiee
236 1276 344 1322 recolere.

227 1479 310 1551 ures
339 1488 501 1546 uncinos
532 1491 702 1556 oceanus
761 1479 763 1482 ’

190 1601 344 1641 SECUNDAE
365 1599 569 1636 HEBDOMADAE
595 1600 741 1645 QUARTUS

280 1696 385 1728 INVITATIO
399 1696 425 1726 Ab
439 1696 501 1725 vtdatt
515 1696 652 1727 APOSTOLIGAM

117 1780 203 1843 Siquis
215 1779 271 1827 urttt
280 1778 405 1832 otiatislrnl,
415 1792 449 1824 ure
461 1783 575 1837 sequetur.
590 1778 671 1824 Joann.
685 1792 706 1825 o.
720 1792 765 1834 xri,
776 1783 846 1828 inab.

365 1917 383 1961 1.
400 1914 570 1961 MEDITATIO.

340 2014 372 2060 De
389 2012 472 2058 dnobus
491 2012 595 2059 Vecilllc.

113 2118 234 2155 Proeludium
242 2111 388 2152 L-Historioa
398 2110 540 2157 Considerate,
551 2110 598 2148 hinc
607 2109 687 2156 Christi,
697 2110 743 2148 inde
753 2108 846 2157 Luciferi,

89 2179 172 2219 quorum
183 2173 267 2215 uterque
282 2174 350 2204 omnes
366 2162 457 2201 homines
470 2162 495 2201 ad
506 2174 526 2201 se
537 2167 602 2210 vocat,
615 2173 651 2200 suo
662 2162 698 2200 sub
711 2163 783 2200 vexillo
796 2173 847 2201 conh

90 2220 206 2272 gregandos,

117 2296 237 2332 Proetudiurn
248 2294 274 2331 II.
288 2310 314 2319 ·-
325 2289 445 2339 Compositio
462 2289 508 2329 loci.
526 2288 602 2339 Duplex
618 2299 707 2339 campus,
722 2299 774 2327 unus
788 2298 849 2339 prope

90 2348 207 2401 Jerusalem,
219 2346 268 2385 alter
277 2354 339 2396 prope
350 2343 475 2394 Babylonem.

118 2425 238 2463 Praetuctlurn
248 2418 285 2460 m.
297 2441 322 2447 -
333 2419 403 2458 Petirio
413 2420 487 2469 gratiae.
498 2420 562 2459 Nosse
571 2417 618 2455 mali
631 2417 686 2456 ducis
696 2412 783 2466 fraudes,
793 2423 812 2456 et
822 2414 849 2454 ri-

91 2484 144 2527 tare3
156 2476 203 2515 boni
214 2487 262 2514 sana
275 2473 365 2523 consilia,
378 2474 469 2524 etseqni.

122 2568 239 2613 Funerum
251 2566 269 2624 1,
283 2589 311 2600 ·-
328 2563 486 2610 Consideratio
504 2560 612 2616 Luciferi,
630 2561 717 2617 vexilli,
736 2566 811 2606 coetus
828 2561 851 2600 et

91 2642 211 2691 concionis
223 2642 282 2702 ejus.
