1715 2908
212 169 316 206 anemae
334 167 502 205 nenoouaom
515 170 637 212 oomros
752 155 807 205 '269

45 277 111 312 mons
123 269 204 312 eorum
216 264 329 326 supplicio
347 265 486 320 destinatus,
501 277 515 310 a
532 264 635 312 calvaria
646 263 704 311 Adae
723 264 757 310 sio
769 263 807 316 di<

45 347 105 386 ctus.
549 342 551 345 ⁴
636 355 638 358 ⁴

74 417 99 460 50
112 417 219 477 Tempus,
238 415 300 461 diem
322 417 376 462 anni
396 414 573 462 celeberrimum
586 416 735 470 Pururreoeu,
747 416 805 460 Pas-

45 491 89 537 cha
103 492 197 537 :horum
212 491 278 552 quusi
293 480 387 547 scortum,
399 493 423 538 id
434 498 469 537 est
480 492 633 538 meridianam
646 493 685 552 (i).

75 567 209 624 6⁰Coetum,
224 580 269 612 uon
291 566 365 613 solum
382 581 410 613 ex
431 566 493 612 omni
517 567 604 621 iudaea,
626 567 667 613 sed
690 567 807 613 etiamen

45 644 105 688 omui
117 648 193 701 gente,
206 656 259 702 quae
269 642 312 686 sub
324 643 380 689 caelo
393 649 437 695 est,
451 641 586 688 conflatum.

75 718 136 775 Quid
149 719 209 764 nitra
220 718 249 764 ad
261 718 411 777 ignominiam
420 717 475 764 addi
484 718 572 778 potest!

75 795 190 840 Pomorum
201 793 230 837 ΙΙ.
239 819 266 826 -
274 793 560 852 Circumstantiaeproprie
572 798 683 851 augentes
693 793 804 839 dolorem.

75 869 100 910 to
112 866 305 926 Quidquidvidet
315 875 338 912 et
349 867 441 926 aspicit.
456 867 522 911 Circa
535 880 635 921 crucem,
648 867 741 922 milites,
756 874 808 913 tor-

46 947 115 996 tores,
127 942 226 996 Judaeos,
241 954 366 1002 eorumque
384 941 509 987 Pontifices
527 948 550 987 et
566 942 680 995 Seuiores,
698 943 806 987 innume-

45 1031 95 1063 ram
106 1018 261 1077 spectantium
273 1017 458 1074 multitudinem;
468 1016 532 1063 ridet
542 1018 675 1077 gestientes
685 1024 806 1064 moventes

16 1135 18 1138 .
45 1095 129 1154 capita,
138 1094 269 1150 irridentes,
279 1094 453 1155 exprobrantes,
464 1094 611 1141 insultantes.
622 1095 691 1141 Juxta
703 1108 804 1149 crucem,

4 1205 9 1219 .·
45 1176 133 1216 stantes
142 1172 239 1217 Matrem
253 1175 277 1216 et
293 1170 437 1230 Discipulum
449 1184 518 1231 quem
539 1170 658 1230 diligebat,
672 1177 695 1216 et
710 1171 806 1217 Mariam

46 1245 217 1304 magdalenam
230 1245 332 1305 reliquos
345 1251 412 1290 notos
425 1250 448 1290 et
461 1245 549 1292 amicos
559 1259 573 1291 a
585 1246 652 1304 longe
665 1250 805 1305 spectantes.

45 1321 130 1366 Omnes
138 1322 282 1375 moestitiam,
295 1320 399 1366 dolorem
410 1320 506 1365 mirifice
519 1321 674 1379 adaugebunt.

75 1399 100 1442 2⁰
121 1396 166 1441 Sed
190 1395 246 1455 quid
267 1395 350 1440 audit?
370 1394 485 1453 singultus
508 1401 530 1439 et
550 1395 650 1454 gemitus
670 1409 804 1454 pancorum,

44 1478 180 1525 scommata,
192 1470 312 1515 irrisiones
329 1477 352 1515 et
370 1470 526 1529 blasphemias
544 1470 678 1525 multorum,
690 1472 737 1515 imo
755 1485 807 1515 om-

45 1548 108 1589 nium
117 1545 277 1599 inimicorum
285 1557 338 1602 quae
350 1544 379 1589 ad
391 1550 480 1602 septem
492 1547 569 1603 capita
583 1545 687 1590 revocari
699 1550 801 1604 possunt,

43 1622 116 1665 Nemo
136 1620 173 1664 vel
193 1606 370 1664 scelestissimus
394 1626 441 1663 tam
464 1617 628 1676 indignatam
649 1618 806 1664 inhumaniter

45 1707 146 1753 unquam
157 1693 251 1741 habitos
263 1699 306 1738 est.
315 1692 376 1737 Vere
386 1682 533 1751 opprobrium
544 1693 666 1746 homiuum,
681 1700 702 1739 et
712 1694 806 1753 objectio

43 1768 159 1829 piobt'sffl)

73 1849 99 1891 30
122 1845 166 1891 Sed
189 1843 245 1905 quid
269 1842 410 1902 respondet?
432 1849 522 1902 septem
537 1843 609 1890 verba
627 1843 766 1890 charitatem
782 1851 806 1890 et

44 1919 369 1979 mansuetudinemspirantia,
379 1931 432 1978 quae
443 1918 540 1964 totidem
549 1925 603 1965 sunt
615 1920 709 1965 oracula
722 1928 806 1980 myste-

43 1998 83 2042 riis
95 1997 163 2057 plena
176 2008 228 2056 quae
241 2007 350 2055 percurre
362 1998 386 2039 et
402 2007 453 2039 cum
471 2001 561 2053 septem
576 1994 623 2039 illis
640 2008 760 2055 compone.
771 1998 805 2042 Ex

42 2072 78 2118 his
93 2085 148 2118 vere
163 2071 246 2117 Filium
259 2069 301 2115 Dei
321 2082 429 2128 agnosce,
443 2073 513 2128 teque
531 2069 635 2116 vicissim
655 2084 736 2116 verum
755 2074 805 2131 ejus

30 2145 296 2206 ‘discipulumostende
596 2151 597 2154 ’

72 2224 188 2268 Pomorum
198 2222 237 2266 ΙΙΙ.
248 2246 276 2254 -
287 2218 383 2265 Dolores
395 2224 418 2263 et
431 2231 501 2263 mors.

73 2298 98 2340 t0
115 2296 197 2355 Cogita
225 2295 331 2341 dolorum
357 2295 407 2352 ejus
430 2292 591 2348 acerbitatem,
614 2281 803 2354 continuitatem,

42 2370 228 2417 diuturnitatem.
241 2369 349 2415 Exterius
361 2368 450 2428 patitur
462 2369 486 2412 in
498 2373 548 2413 toto
560 2381 665 2428 corpore,
679 2371 704 2417 in
723 2374 805 2432 singu-

42 2447 70 2492 lis
89 2446 200 2492 membris
217 2460 245 2492 ao
263 2444 376 2501 sensibus,
387 2445 412 2489 in
429 2443 515 2489 olfactu
532 2458 573 2504 per
590 2444 698 2493 foetorem
713 2448 766 2504 loci,
780 2451 804 2495 in

42 2529 111 2583 gustu
125 2536 164 2583 per·
177 2522 248 2580 sitim,
262 2534 304 2583 per
315 2520 346 2568 fel
362 2525 385 2566 et
397 2524 498 2573 acetum,
512 2533 558 2581 quo
577 2525 671 2580 potatur
686 2523 710 2567 in
727 2528 805 2569 extre-

67 2691 92 2737 (i)
100 2690 158 2727 tter-e.
166 2700 197 2725 nr.
438 2698 440 2701 ·
458 2686 485 2731 (ἓ)
494 2685 563 2725 Psalm,
572 2696 611 2722 uxr.
