1715 2908
43 165 94 216 296
308 181 364 217 nias
386 180 540 216 rnrcnsnrus

44 278 117 325 circuit
126 292 158 333 se,
170 285 192 324 at
207 278 269 324 arisit
285 293 307 325 se
319 280 345 325 ia
357 293 429 326 atara.
442 279 531 327 Feruor
546 292 591 325 non
612 280 699 340 patitur
720 293 805 339 moras,

45 368 88 401 neo
104 356 171 400 timet
186 354 297 415 pericula.
319 357 418 402 loannes
433 355 496 415 prior
514 356 626 415 agnoscit,
643 357 724 402 Petrus
743 357 806 417 prior

45 431 103 476 adit.
116 432 182 476 Hunc
200 430 299 476 imitare.
316 431 365 478 Attt
377 431 467 491 rtaaipio
481 438 599 486 uerterant,
616 432 698 488 serius,
713 432 806 479 traheau

46 512 77 552 tes
90 511 148 562 rete;
161 505 201 553 scd
215 506 307 552 tandem
321 511 483 566 pervenerunt.
806 505 808 507 ’

77 586 102 628 30
118 583 146 630 Ut
156 581 317 630 rlasceualeraat
333 582 358 628 iu
374 589 469 636 terrant,
484 581 592 629 videraut
606 596 696 642 praitas
714 584 806 644 positas,

47 664 68 705 et
77 657 159 718 piscant
172 658 336 718 superpositam
349 663 370 703 et
379 671 470 718 partera.
484 657 513 702 Et
524 658 583 717 jussi
597 658 679 704 afferre
695 658 724 705 de
737 660 810 719 pisci-

46 734 89 779 bus
103 739 157 778 tunc
169 723 325 793 deprehensis,
338 739 461 778 tractarunt
473 747 522 778 caat
540 734 608 779 Patro
624 740 671 780 rete
683 736 807 795 integrum,

45 810 137 868 plenam
160 810 247 867 mappis
265 808 360 866 piscibus
379 815 467 854 cantiam
490 809 654 868 qairrpaapiata
676 809 765 865 triba33
786 816 809 855 et

48 884 139 929 invitati
157 889 210 929 sunt
231 898 243 929 a
260 884 358 929 Domino
375 883 487 929 dicente:
508 883 595 937 Vertite,
611 885 730 944 prandete.
752 885 810 931 Vide

48 961 97 1017 rjus
113 958 281 1018 benignitatem
298 963 321 1003 et
335 971 416 1004 curam
436 959 596 1018 operariorum
612 972 715 1017 suorum,
727 960 811 1020 quibus

48 1033 144 1092 singulis
163 1033 203 1078 dat
221 1046 312 1093 panem,
330 1040 352 1079 et
373 1033 459 1092 piscem
482 1032 602 1091 similiter,
623 1034 697 1093 eique
711 1035 809 1090 confide,

49 1109 159 1168 quoniam
171 1108 217 1167 ipsi
229 1121 286 1152 cara
298 1113 330 1153 cst
340 1107 365 1152 da
375 1107 422 1153 sais
436 1108 473 1165 tl).

79 1186 195 1231 Pauoruu
205 1184 243 1228 Ill.
257 1210 283 1217 —
298 1183 355 1229 Cam
368 1196 422 1241 ergo
436 1182 585 1242 prandissent
600 1184 661 1228 serio
672 1189 695 1228 et
707 1197 760 1229 cum
773 1198 812 1230 re-

48 1258 154 1304 verentia
165 1257 262 1303 Domino
276 1257 362 1311 debita,
376 1258 426 1316 ipse
436 1256 479 1302 soli
491 1258 559 1303 Petro
568 1257 671 1317 loquitur
681 1258 720 1317 [2).

80 1335 106 1377 lo
117 1334 162 1379 Ter
183 1332 349 1391 interrogando
367 1333 395 1377 dc
414 1345 493 1378 aurore
507 1347 512 1375 :
526 1332 603 1377 Simon
618 1332 722 1387 Joaaais,
735 1333 813 1392 dilipis

49 1422 83 1454 rae
91 1409 144 1468 plus
159 1407 210 1454 ln's?
221 1415 244 1453 et
257 1405 403 1459 affirmative,
419 1407 458 1451 sed
477 1406 588 1461 modeste,
602 1420 644 1452 nec
661 1407 711 1453 sine
729 1409 812 1454 timore

50 1483 207 1543 respondenti,
220 1482 367 1529 commendat
381 1493 452 1541 agnos
464 1485 554 1527 atores
568 1497 573 1526 z
585 1481 653 1528 Pasce
666 1496 733 1541 apum
745 1497 811 1538 raros,

49 1574 114 1620 pasce
126 1572 177 1617 *caes
196 1572 264 1603 meas.
279 1558 439 1616 Interrogatur
456 1569 520 1602 amor
533 1565 556 1602 et
569 1557 695 1618 imponitur
707 1558 779 1613 labor,
792 1564 813 1604 et

51 1637 119 1681 tritta
134 1632 251 1693 acpatioaa'
263 1632 370 1679 redditor
388 1631 453 1677 triac
469 1631 583 1691 aortfasst'o,
597 1647 624 1678 aa
643 1632 718 1679 mittas
738 1634 813 1680 actori

50 1710 135 1756 seruiat
147 1710 226 1770 lirtprra
235 1722 303 1768 qaam
315 1707 402 1762 tantari,
416 1712 440 1753 et
452 1707 503 1768 plus
514 1708 621 1754 videatur
633 1707 740 1755 elicuisse
751 1722 813 1755 mors

51 1786 182 1839 imminens,
197 1799 267 1846 quam
277 1785 326 1831 vita
339 1797 441 1844 praesens
453 1784 490 1843 (3).

82 1867 108 1910 20
120 1863 189 1908 Petro
209 1860 324 1920 promittit
344 1865 367 1905 et
384 1859 490 1919 praedicit
506 1860 645 1919 martyrium
659 1859 747 1905 :Amen
766 1860 813 1907 alica

9 1994 11 1997 y
52 1939 101 1993 tibi,
116 1951 166 1983 cam
185 1950 239 1982 asses
255 1936 344 1995 paratior,
358 1935 460 1993 airtpebas
477 1939 505 1989 te,
515 1940 538 1981 et
552 1934 681 1981 ambulabas
693 1949 735 1995 qao
752 1936 815 1982 uola-

51 2015 90 2060 bcs
102 2029 109 2059 ι
122 2027 172 2058 arara
191 2018 267 2058 autern
283 2011 392 2065 statueris,
404 2009 506 2055 calendas
523 2023 604 2054 martas
617 2016 675 2064 tuas,
688 2016 708 2055 et
723 2011 782 2056 alias
792 2017 814 2057 tu

52 2092 133 2151 stirpat,
143 2096 164 2136 et
176 2089 240 2134 daret
250 2101 292 2147 aaa
303 2093 328 2132 ta
337 2100 383 2132 aua
394 2086 435 2132 ais.
448 2088 553 2132 Incertus
564 2087 592 2131 de
604 2085 690 2141 futuro,
699 2089 813 2147 praecinge

53 2172 75 2211 te
86 2166 114 2210 dc
124 2163 241 2223 praesenti,
252 2167 276 2207 et
288 2160 390 2207 clarifica
400 2162 474 2206 Deum
487 2173 529 2220 per
542 2159 638 2206 liberam
648 2161 812 2207 mortificatio-

52 2254 113 2286 nem.

83 2318 108 2359 3⁰
125 2315 226 2374 Imperat
243 2311 279 2356 sui
298 2310 424 2370 sequelam,
438 2315 550 2369 tanquam
574 2309 636 2354 viam
659 2314 682 2355 et
702 2309 812 2364 medinm,

50 2391 118 2449 juxta
131 2388 187 2432 illud
202 2402 207 2431 2
221 2385 246 2432 Si
257 2384 308 2445 qais
319 2385 367 2430 cult
379 2384 456 2429 uertice
466 2389 517 2442 post
529 2396 592 2429 ate...
605 2397 650 2443 quo
661 2377 810 2444 obsequente,

53 2464 151 2510 Joattaes
163 2462 264 2522 injussus
277 2467 359 2518 sponte
377 2458 487 2519 sequitur,
501 2459 564 2503 etde
576 2470 720 2517 eoquaerens
733 2461 814 2504 Petrus

53 2537 178 2599 corripitur
193 2551 198 2580 z
211 2535 247 2582 Sia
260 2548 310 2582 aaut
321 2535 369 2580 oola
383 2547 473 2580 inerrare
486 2532 553 2578 donar
564 2532 662 2588 aenium,
675 2534 730 2594 patiri
743 2535 772 2580 ad
784 2540 814 2587 ta,

75 2660 103 2704 (ll
115 2658 182 2694 IPetr.
192 2668 210 2692 r.
472 2651 499 2698 (3)
509 2651 529 2689 S.
537 2652 635 2698 Angustia.

77 2705 103 2752 (ἢ)
113 2703 166 2741 toan.
173 2711 210 2739 xxi.
465 2720 467 2723 ·
