1715 2908
44 93 94 144 318
246 106 303 143 nrns
321 106 474 142 unronsrnns
496 106 604 143 nunnius

44 205 134 250 sionem
147 202 263 258 Sinarum,
280 202 403 262 Japonum,
422 203 620 258 Amantinorum,
639 201 807 256 etidentidem
829 193 831 195 ’
851 242 852 245 ,

45 279 75 325 ad
85 292 167 340 pacem
182 280 242 323 inter
255 277 372 340 principes
384 282 408 325 et
419 277 516 340 populos
527 270 674 326 christianos.

74 355 114 401 lv.
126 381 153 390 -
171 356 287 401 Praeterea
304 348 372 401 debet
385 355 491 417 quisque,
504 357 530 400 l⁰
547 355 655 415 probatas
668 355 805 402 Sanctorum

45 431 164 492 Reliquias
177 431 213 490 pie
221 431 336 486 venerari,
344 437 367 476 et
379 431 450 477 etiam
463 432 486 477 in
498 430 564 478 theoa
575 439 679 492 gestare;
693 435 719 478 2⁰
728 441 806 476 saoras

45 507 160 566 Imagines
172 506 265 561 Christi,
278 506 385 565 Deiparae
393 512 417 551 et
433 508 578 560 Sanctorum,
591 514 686 567 propter
697 519 736 551 eos
748 517 806 565 qnos

46 586 221 642 repraesentant,
233 579 341 626 venerari
357 587 379 625 et
397 580 504 641 religiose
516 582 599 636 colere,
610 582 634 626 in
650 579 755 626 cubiculo
768 592 806 625 as·

46 668 150 711 servare3
165 660 188 700 et
198 654 281 701 saltem
293 655 317 700 in
326 654 465 700 numismate
477 668 547 714 penes
559 669 584 701 se
594 662 694 714 gestare.

75 731 102 776 V.
117 757 144 764 -
163 731 250 776 Praeter
269 742 414 776 communem
430 730 533 776 omnium
551 731 688 776 Sanctorum
707 728 804 782 cultum,

45 803 806 865 debetquisq‘uespecialemgereredevotionem,l0ergasanotum

15 882 17 885 ’
45 879 159 938 Angelum
169 878 212 925 sihi
224 879 347 925 Custodem
359 891 372 924 a
382 879 431 924 Deo
443 878 535 936 datum;
548 883 573 926 20
585 892 638 939 erga
657 884 750 924 sanctos
760 878 805 923 Pa·

46 960 124 1001 tronos
137 955 180 1000 sihi
192 955 215 999 in
229 954 347 1017 Baptismo
364 958 405 999 aut
421 954 601 1001 Confirmatione
619 955 693 1010 datos
708 966 806 1014 quorum

45 1043 128 1076 nomen
146 1031 205 1090 gerit
220 1037 243 1075 et
261 1029 415 1090 patrocinium
433 1029 566 1091 frequenter
583 1031 706 1095 implorare
724 1030 805 1087 debet;

46 1109 71 1152 3⁰
84 1120 138 1165 erga
150 1108 262 1152 Patronus
276 1119 364 1152 annuos
377 1110 399 1151 et
412 1111 551 1163 menstruos,
563 1109 630 1167 juxta
643 1105 706 1167 pium
718 1121 806 1154 morem

45 1183 89 1229 sibi
100 1188 162 1229 sorte
174 1182 331 1239 obvenientes,
345 1195 404 1242 quos
416 1189 527 1243 tanquam
545 1183 588 1229 sibi
600 1197 612 1229 a
622 1184 671 1229 Deo
684 1183 752 1229 datos
763 1183 806 1228 de-

45 1259 85 1304 bet
96 1264 228 1304 reverenter
241 1263 264 1302 et
277 1262 395 1316 gratanter
407 1259 531 1318 suscipere,
544 1271 624 1303 eorum
634 1259 702 1304 Festa
714 1271 804 1317 praeve-

46 1333 95 1378 nire
112 1340 135 1378 et
151 1332 267 1378 celebrare
288 1330 383 1391 speciali
402 1332 483 1388 mode,
504 1346 582 1377 eorum
605 1333 665 1378 vites
688 1332 763 1390 legere
783 1337 806 1377 et

45 1407 162 1467 praecipue
182 1406 268 1451 imitari
281 1406 386 1460 virtutes,
402 1405 500 1464 denique
517 1406 671 1465 patrocinium
690 1406 715 1451 in
732 1412 806 1451 totam

45 1481 119 1526 vitam
130 1487 154 1525 et
164 1479 234 1524 finem
244 1479 301 1525 vitae
312 1479 438 1538 postulare.

74 1556 125 1600 Huc
136 1554 240 1600 revocari
250 1558 328 1612 potest
338 1567 393 1600 usus
411 1554 626 1609 sacramentalium,
642 1560 668 1600 ut
680 1567 748 1615 aquae
763 1554 806 1601 be-

47 1631 153 1686 nedicte,
167 1630 233 1690 panis
243 1629 368 1693 benedicti,
381 1632 498 1689 Agnorum
509 1630 560 1688 Dei,
575 1643 702 1684 cereorum,
715 1630 806 1689 palma-

45 1721 96 1753 rum
109 1712 132 1752 et
150 1706 253 1752 cinerum
272 1705 462 1763 benedictornm3
474 1706 513 1766 qni
534 1720 589 1752 usus
607 1706 676 1753 debet
691 1720 741 1752 esse
756 1707 806 1753 ire-

46 1782 220 1843 quentissimus,
234 1787 257 1826 et
274 1779 372 1841 requirit
392 1781 462 1826 fidem
481 1787 505 1828 et
516 1782 624 1828 unionem
637 1795 690 1828 enm
705 1781 804 1839 Christo,

46 1866 68 1905 et
80 1857 234 1906 reverentiam
245 1870 300 1916 erga
310 1856 445 1903 Ecclesiam.

174 2180 258 2237 DIES
278 2181 499 2236 TRIGESIMUS
519 2181 674 2238 TERTIUS

124 2312 283 2361 ottonum
304 2313 538 2351 Hennensem
566 2315 726 2361 emmaus

323 2427 527 2465 Roonelronarro

74 2536 185 2597 Reliquioe
195 2535 337 2597 capitationis
345 2536 403 2583 ollem
409 2537 491 2596 festum
499 2543 566 2596 cpont
576 2534 626 2583 tibi.
634 2535 720 2583 Psalm.
728 2549 802 2583 nxxv.

45 2617 153 2662 Amorem
166 2612 201 2660 toi
212 2612 283 2661 selom
294 2611 350 2660 milri
363 2612 438 2670 derlee,
451 2618 475 2671 et
482 2612 544 2661 olives
553 2626 604 2660 som
615 2612 680 2660 sotis.
691 2613 715 2660 S.
728 2613 804 2671 ignat.
