1715 2908
26 108 59 158 62
312 123 369 158 arus
392 123 500 163 onmrns

57 222 82 264 l0
92 219 159 265 Illum
170 217 285 265 subtrahit
298 219 393 279 speciali
402 226 426 265 et
436 218 556 283 favorabili
569 220 728 279 providebam,
743 234 788 280 qun

26 298 88 341 Deus
105 282 210 355 protegit
221 296 297 353 justos
316 296 360 341 sibi
372 294 452 340 fideles
469 293 580 341 adversus
593 296 733 342 tentationes
743 297 789 341 ini-

27 370 82 416 mici
95 375 118 416 et
129 369 231 430 pericula
241 369 311 429 hujus
320 371 383 416 vitae.

57 450 83 492 2⁰
94 444 268 492 Liberalitatem
284 445 326 491 Dei
344 458 399 504 erga
417 444 481 489 illum
493 444 553 491 tollit
566 446 602 491 vel
615 444 698 491 minuit
710 446 740 492 ob
751 447 789 492 in-

27 522 202 581 gratitudinem,
216 533 269 580 quae
289 536 316 566 ex
329 521 382 566 divo
394 521 510 566 Bernardo
524 522 601 581 ipsum
610 522 697 568 fontem
707 524 790 582 gratiae

28 598 137 648 exsiccat,
149 597 216 655 juxta
234 595 300 641 illum
316 595 431 641 Psalmum
445 611 449 639 :
463 595 520 641 Cum
530 603 605 643 scitoto
625 603 715 643 strictus
733 598 788 653 eris,

28 676 48 716 ct
61 685 109 716 cum
119 670 170 715 ot'ro
181 670 297 716 innocente
309 672 415 715 trtrtoceu's'
427 670 472 714 eris
483 673 522 728 [ll.
535 671 601 717 Unde
612 673 694 731 gratiae
707 679 788 720 actua-

27 746 55 792 lis
66 746 113 793 vim
126 751 149 791 et
162 747 254 807 copiam
267 746 357 791 minuit.

57 825 83 866 30
95 825 165 867 Arcet
189 822 298 876 animam,
318 814 469 880 qrrantumvis'
484 828 597 877 sanctam,
612 836 626 869 a
645 822 789 870 beatitudine

28 903 51 944 et
61 895 207 957 possessione
218 897 268 951 Dei,
283 897 356 942 donec
367 894 458 940 omnino
478 897 596 956 expiatum
608 898 651 955 sit,
664 899 720 958 quia
731 899 791 945 uilu'l

28 973 198 1032 coinquinatum
210 971 316 1017 introibit
337 972 362 1016 >lu
379 971 496 1018 coelestem
513 973 640 1018 Jerrrsalem
655 973 692 1032 (2),
707 980 731 1020 et
746 975 789 1021 soli

27 1049 110 1093 utrcudo
123 1047 188 1092 corde
202 1048 272 1093 Derim
285 1046 390 1091 videbunt
401 1046 437 1105 (3).

58 1124 174 1169 Pomorum
184 1123 212 1167 II.
225 1148 252 1155 —
266 1122 337 1179 Culpa
346 1120 453 1175 venialis,
467 1122 492 1163 l⁰
506 1121 575 1166 Tollit
588 1135 602 1168 a
613 1128 723 1181 peccante
739 1125 789 1184 spi-

27 1198 136 1244 ritualem
148 1197 232 1243 animae
243 1194 541 1256 pulchritudinemfumum
552 1201 574 1241 et
587 1197 710 1256 caliginem
720 1200 790 1244 offun-

28 1273 112 1329 dendo,
127 1277 150 1318 et
166 1271 252 1318 foedam
265 1260 362 1324 ‘inducit
377 1270 499 1326 maculam,
514 1271 589 1331 qualis
606 1280 640 1318 est
660 1274 750 1320 scabies
765 1276 789 1319 in

27 1348 87 1393 facie
97 1347 210 1406 speciosa,
225 1354 247 1391 et
259 1345 334 1391 oleum
346 1346 369 1389 in
382 1353 447 1390 veste
459 1346 569 1405 pretiosa.

58 1425 83 1468 2⁰
96 1422 186 1467 Animae
199 1420 348 1467 sanctitatem
358 1424 382 1464 et
393 1420 455 1467 uires
467 1419 599 1476 labefactat,
613 1427 639 1466 ut
651 1423 725 1468 morbi
737 1423 789 1469 alio·

28 1497 131 1556 quinon
152 1495 248 1541 lethales
267 1508 350 1554 corpus
373 1494 503 1551 debilitant,
521 1496 554 1540 sic
576 1501 601 1540 ut
618 1499 788 1556 supervenienti

27 1571 86 1616 febri
96 1572 204 1616 resistere
217 1584 262 1615 nou
274 1571 355 1629 possit,
366 1574 389 1613 et
401 1570 435 1614 ita
446 1569 476 1614 ad
489 1575 586 1614 mortem
598 1571 730 1631 disponunt.

58 1649 110 1692 3οΑ
121 1647 159 1690 via
167 1646 260 1690 virtutis
272 1647 364 1698 avertit,
378 1644 452 1689 autin
465 1657 492 1689 ea
502 1644 601 1690 multum
613 1647 725 1703 retardat,
736 1663 788 1709 quae

27 1722 103 1781 sopito
116 1720 236 1766 eharitatis
249 1720 331 1764 ardore
347 1718 463 1764 difficilior
476 1720 589 1777 redditur,
603 1726 626 1766 et
639 1722 716 1768 anima
728 1723 788 1783 liga-

28 1797 58 1842 tis
70 1803 93 1840 et
103 1795 221 1855 impeditis
233 1792 350 1839 habitibus
360 1792 441 1838 inlusis
450 1794 473 1838 in
485 1794 573 1854 agendo
586 1793 726 1843 retardatur⁰

57 1871 113 1928 Quis
126 1871 156 1917 ab
171 1870 207 1916 his
224 1871 300 1929 pravis
318 1869 437 1914 effectibus
453 1869 497 1916 sibi
518 1883 561 1916 non
582 1871 670 1930 timeat,
688 1880 711 1919 et
734 1888 788 1922 eum

28 1948 89 1994 omni
101 1947 226 1994 sedulitate
238 1951 358 2005 peccalum
368 1945 459 1991 veniale
469 1958 515 1991 non
525 1946 617 2005 fugiat?

57 2025 172 2070 Puucrnn
182 2024 219 2068 lll.
234 2047 264 2055 -
275 2022 314 2088 Ad
324 2028 445 2080 peccatum
456 2021 480 2066 in
491 2035 574 2081 genere
592 2022 688 2070 inclinat
707 2027 787 2073 multi-

28 2099 130 2159 pliciter3
145 2101 170 2142 l0
181 2107 272 2145 castum
284 2098 325 2142 Dei
340 2097 446 2154 timorem
458 2098 582 2144 evertendo
595 2105 636 2145 ant
654 2100 784 2149 minuendo.

28 2188 73 2234 qno
92 2175 168 2220 anima
185 2189 198 2221 a
215 2179 310 2234 peccato
329 2172 452 2219 salubriter
470 2174 595 2231 avertitur,
613 2179 639 2222 20
656 2174 787 2225 inclinando

29 2252 159 2298 inordinate
173 2251 201 2296 ad
222 2257 353 2306 creaturast
366 2250 587 2310 transgressionibus
604 2253 787 2301 assuefacienda

59 2328 93 2374 dd
107 2332 228 2387 peccatum
241 2332 318 2371 autem
329 2326 426 2371 mortale
438 2326 547 2386 disponit,

59 2406 84 2445 to
96 2404 182 2449 Pravos
199 2402 292 2448 babitus
312 2402 449 2459 inchoando,
462 2404 509 2462 qui,
525 2403 636 2463 parrlatim
653 2410 786 2464 crescendo,

28 2480 56 2527 ad
70 2478 189 2538 graviores
204 2478 281 2538 lapsus
294 2478 421 2536 deducunt,
436 2478 470 2524 sic
481 2492 509 2524 ex
523 2476 648 2528 leuioribus
663 2482 733 2531 furtis
745 2485 787 2531 bau

50 2599 77 2644 (1)
87 2599 153 2634 Psalm.
162 2608 205 2637 xvrr,
443 2597 470 2643 (3)
478 2597 547 2636 Macen,
557 2610 573 2637 e,

34 2674 36 2677 .
50 2645 77 2690 (ἲ)
86 2643 160 2690 apocal.
171 2652 208 2679 xxi.
336 2645 338 2648 ’
