1715 2812
336 126 476 176 naariam
783 124 796 174 5

32 228 218 303 notationibus,
234 237 260 286 et
271 233 448 284 Additiouibus
461 221 582 282 ¹accurate
594 231 721 295 servatis3
735 232 797 296 quas

33 320 201 389 neglexerunt
224 317 337 380 plerique
362 315 439 364 etiam
456 314 590 377 e'ncstris
612 313 655 377 qui
672 315 738 374 octe,
753 316 798 362 de-

34 420 121 453 ceinve
134 402 231 452 dierum
245 397 375 447 Exercitia
393 397 528 453 vernacule
546 396 715 457 tradiderunt,
736 411 795 459 spe-

34 486 115 536 ciosas
139 481 317 532 meditationes
344 480 396 528 suis
426 479 512 528 nervis
542 479 688 542 spoliantes.
712 478 798 527 Lectis

35 582 132 632 quoque
145 565 170 613 in
191 565 257 612 huuc
275 563 351 611 finem
364 560 582 624 explanationibus
602 562 635 614 R.
657 562 687 610 P.
701 561 798 623 Ignatii

34 650 156 708 martine,
170 645 316 708 Antucrpiae
329 645 403 692 editis
416 658 481 692 anno
495 642 569 704 1696,
584 642 674 706 siquid
686 643 756 691 ultra
767 644 798 691 ad

34 730 126 781 Libelli
137 727 333 792 intelligentiam
346 726 464 789 faciebat,
476 724 562 775 sedulo
575 726 704 788 annotavi,
717 728 743 774 et
754 741 798 775 suo

35 815 89 862 loco
102 812 188 878 retuli.
454 802 456 806 ’

68 897 95 944 l⁰
113 895 203 944 Tradit
224 895 324 943 sanctus
337 891 453 956 Ignatius
469 890 564 957 (annot.
580 892 597 939 4
619 895 644 940 et
660 890 703 957 20)
717 894 799 941 totum

34 979 221 1029 Exercitiorum
231 980 340 1039 tempus,
348 976 457 1045 triginta
467 975 565 1024 dierum
576 976 620 1024 aut
629 975 730 1023 circiter
743 992 799 1039 spa·

35 1064 71 1111 tio
84 1060 207 1110 concludi.
227 1060 261 1108 Et
272 1074 317 1108 nos
333 1059 412 1107 trium
432 1061 458 1108 et
475 1058 584 1122 triginta
596 1057 694 1107 dierum
716 1060 798 1122 spatio

35 1159 65 1192 ea
77 1143 256 1191 concludimus,

68 1226 95 1274 2⁰
107 1225 203 1275 Ibidem
216 1224 285 1287 dicit,
301 1223 425 1288 assignari
439 1223 576 1274 Exercitiis
588 1226 696 1288 quatuor
708 1225 800 1274 hebdo-

35 1310 130 1371 madas,
146 1309 252 1359 totidem
269 1323 356 1357 eorum
374 1308 489 1372 partibus
506 1298 701 1373 respondentes,
715 1310 800 1372 quali-

35 1397 87 1443 tate
97 1393 211 1442 materiae
224 1393 365 1454 distinctae,
375 1395 401 1441 et
414 1393 505 1441 affectu
515 1393 683 1456 potiusquam
694 1409 798 1442 numero
815 1400 817 1402 ’

35 1477 133 1526 dierum
155 1477 314 1538 constantes3
325 1477 355 1526 et
371 1490 415 1523 nos
438 1490 480 1523 eas
494 1477 611 1525 accurate
624 1475 797 1539 distinximus,

36 1563 61 1609 et
73 1574 130 1609 suos
144 1558 250 1622 siugulis
265 1558 318 1608 dies
331 1549 526 1622 assignavimus.

68 1644 95 1690 3ο
107 1642 319 1690 Annotaticnibus
332 1641 364 1689 12
377 1641 444 1690 erac
453 1643 539 1689 monet
548 1631 657 1704 quinque
669 1643 800 1692 Exercitia

36 1725 147 1788 quotidie
170 1724 329 1787 peragenda,
350 1727 375 1772 et
396 1724 422 1771 in
446 1713 558 1786 quolibet
577 1724 685 1787 expendi
708 1726 799 1775 debere

36 1807 108 1855 unius
125 1807 195 1854 horae
210 1809 319 1868 tempus.
333 1805 388 1854 Nos
399 1808 453 1854 tres
466 1806 558 1855 saltem
577 1806 757 1858 Meditationcs
772 1809 798 1857 in

36 1889 149 1952 singulos
171 1888 223 1937 dies
243 1888 340 1949 damus,
358 1900 465 1951 quarum
487 1889 542 1937 duae
561 1889 746 1953 Repetitiones,
768 1893 798 1940 ob

37 1965 182 2021 affinitatem
196 1970 311 2019 materiae
327 1969 424 2030 faciles,
441 1970 584 2033 quinarium
595 1985 727 2021 numerum
738 1987 800 2040 con-

36 2053 130 2114 ficient,
144 2068 218 2114 quem
234 2046 358 2115 optamus,
373 2054 399 2101 ct
415 2051 536 2102 sustineri
556 2067 629 2115 posse
645 2054 798 2117 judicamus,
828 2106 830 2109 ,

37 2135 114 2184 etiarn
133 2135 234 2184 excluso
257 2134 347 2183 mediae
367 2134 448 2184 noctis
469 2134 608 2186 Exercitic.
630 2136 727 2187 Saltem
749 2154 800 2188 una

36 2216 166 2279 Repetitio
178 2215 293 2265 facienda
306 2221 353 2277 est,
364 2217 396 2265 ad
407 2216 598 2279 quaternarium
609 2219 799 2283 conficiendum,

38 2313 111 2361 quem
122 2302 223 2348 sauctus
236 2299 350 2362 Ignatius
360 2298 460 2348 omnino
474 2300 564 2363 exigit,
579 2301 658 2350 etiam
669 2301 696 2350 in
708 2305 801 2368 quarta

37 2380 201 2441 hebdomada,
216 2381 259 2429 uhi
270 2381 335 2430 hanc
348 2381 532 2432 relaxationem
543 2384 664 2434 admittit.

71 2463 98 2510 4⁰
115 2463 292 2512 Additionibus
313 2463 370 2525 1,2
390 2466 445 2514 ete
466 2466 611 2528 praescribit
633 2452 801 2530 cogitationes

38 2545 113 2593 rebus
125 2542 277 2594 meditandis
289 2561 422 2609 congruas,
435 2547 543 2597 exclusis
556 2548 627 2610 aliis;
640 2552 666 2598 et
676 2550 734 2598 illas
747 2551 801 2599 sin-

38 2626 106 2690 gulis
114 2627 262 2692 septimanis
274 2629 386 2680 studiose
393 2632 527 2680 mutandas
536 2631 661 2695 suggerit.
673 2632 727 2696 Ego
740 2647 800 2681 vero
830 2654 831 2658 ¹
