1715 2908
53 146 90 194 34
348 159 405 198 oms
423 158 529 198 cennius
606 152 608 156 “

84 258 111 301 2⁰
123 255 147 301 Si
157 268 203 301 non
215 256 239 300 in
251 254 369 312 Examina,
380 262 436 304 tunc
447 257 596 317 cogitandum
609 270 638 303 an
651 256 732 303 Officio
741 258 819 303 divino

54 329 85 375 sit
97 329 253 376 satisfactum.
543 338 544 341 ’

85 407 111 449 3⁰
121 406 204 450 Preces
214 405 325 452 serotinae
335 411 389 451 sunt
399 406 502 452 breviter
513 406 681 467 persolvendae.

86 481 111 525 to
122 479 269 540 Tempestive
280 487 304 527 et
315 481 421 528 modeste
437 482 630 539 decumbentium,
643 482 728 528 lectum
742 486 769 526 ut
780 494 818 526 se-

56 556 163 619 pulcrum
171 556 301 605 subeundo·

85 635 110 678 5⁰
121 633 221 680 Somnus
232 633 281 680 Deo
293 635 431 692 offerendus,
445 634 475 682 ad
489 636 632 696 reparandas
643 635 704 683 vires
715 635 739 681 in
750 634 820 681 obse·
837 656 841 662 ¹

55 710 136 770 quium
149 711 207 769 ejus.

86 788 111 831 6⁰
124 787 298 833 A'ntesornnum
306 786 383 846 cogita
392 785 484 833 dehora
494 787 723 846 surgendi‚recoiens
734 792 818 848 puncta

55 861 214 909 Meditationis
225 863 354 909 matutinae.

85 937 141 984 7⁰Si
152 937 257 997 evigilari
269 938 396 997 contingat,
405 937 456 984 haec
468 943 491 983 et
501 938 586 985 similia
596 940 669 984 menti
680 938 818 998 objicienda.

87 1016 113 1057 8⁰
125 1013 199 1066 Mane,
212 1012 311 1059 exclusis
328 1012 380 1058 aliis
398 1014 587 1071 cogitationibus,
601 1014 682 1060 statim
698 1001 818 1060 excitanda

57 1087 215 1133 Meditationis
223 1088 332 1133 instantis
344 1088 464 1133 memoria.
473 1147 475 1150 Ι

88 1165 114 1206 9⁰
126 1161 272 1221 Tempestive
282 1167 305 1206 et
317 1161 434 1207 ferventer
444 1176 521 1221 surge,
531 1167 642 1222 tanquam
652 1163 700 1207 Deo
711 1168 818 1209 vocante.

88 1240 130 1282 400
142 1236 203 1282 Inter
221 1236 350 1283 induendas
368 1242 446 1283 vestes
461 1237 641 1297 cogitationibus
660 1244 683 1283 et
700 1238 820 1284 affectibus

58 1311 203 1359 Meditationi
215 1312 323 1372 congruis
336 1313 411 1359 stude.

89 1389 130 1434 tto
146 1389 277 1435 Prostratus
289 1388 377 1449 gratias
398 1403 448 1450 age,
463 1390 527 1447 offer=
540 1402 588 1446 ora,
603 1403 699 1437 examen
716 1390 819 1451 particu-

58 1464 107 1511 lare
117 1460 227 1526 propone.

89 1543 130 1588 t20
142 1541 319 1588 sanctissimum
327 1542 502 1589 Sacramentum
511 1542 557 1598 adi,
572 1542 651 1598 adora,
666 1546 735 1603 teque
744 1542 822 1603 ipsum

59 1620 83 1662 ct
95 1629 165 1676 opera
177 1617 260 1663 diurna
270 1617 335 1662 offer.

63 1694 66 1704 “
89 1695 130 1739 430
146 1694 228 1739 Redux
246 1695 341 1753 quiesce
357 1692 477 1753 paululum
495 1697 548 1738 ante
566 1693 703 1750 orationem,
722 1707 820 1754 pensans

59 1781 105 1829 quo
116 1769 257 1815 tendendum
269 1769 308 1815 sit.

123 2068 433 2136 ntnncnionoot
471 2026 756 2137 sornioctniooi

289 2220 382 2277 DIES
411 2219 588 2278 TERTIUS

202 2363 315 2402 PRIMAE
333 2362 538 2402 HEBDOMADAE
556 2362 677 2401 PRIMUS

267 2488 294 2518 oi:
314 2489 452 2520 Motntnooinn
478 2489 610 2533 Pnccnnonunt

86 2595 175 2644 Delicta
187 2596 236 2656 qais
255 2596 381 2657 intelligit?
390 2597 417 2643 ob
434 2598 525 2646 occultis
535 2597 588 2644 mois
601 2597 688 2644 mnodo
698 2611 741 2651 mo,
754 2602 775 2643 ot
791 2599 819 2645 cb

57 2672 138 2720 alienis
145 2678 215 2734 parce
225 2685 289 2720 sarco
299 2679 345 2719 too.
357 2673 395 2719 Ps.
409 2675 447 2719 to.
