1715 2908
190 176 315 212 snounnAE
333 171 504 212 ananomnnAE'
528 176 690 211 aucupemus
770 161 819 210 227

59 275 116 329 Deo,
130 274 160 320 ad
175 274 235 320 vires
254 274 390 321 obtinendas
402 273 487 319 collato
505 274 579 320 officio
591 287 668 334 pares.
681 273 730 319 Hoc
745 273 820 318 sarri-

47 349 138 402 ¹ficium
151 351 199 396 Deo
212 349 315 395 debitum
330 354 353 395 et
363 355 491 409 acceptum,
510 351 575 408 cujus
587 349 740 409 providentiae
752 362 819 395 nemo

60 438 85 470 se
95 425 232 471 subtrahere
244 425 320 479 debet,
332 439 374 471 nec
386 426 480 485 impune
494 430 576 484 potest.
649 419 652 423 ’

90 503 116 545 30
126 501 190 546 Huic
204 500 313 546 laudabili
334 501 496 548 indifferentiae
510 515 555 546 non
566 502 649 557 obstat,
665 505 690 547 Λ10
700 502 782 547 offerre
795 514 819 547 se

60 583 167 635 paratum
178 576 205 621 ad
216 574 291 620 officia
301 575 403 631 humilia,
416 575 539 628 laboriosa,
553 578 639 631 odiosa,
649 590 702 636 quae
715 575 820 636 plerique

59 649 184 708 refugiunt,
198 649 265 695 modo
277 661 318 709 pro
331 649 377 695 illis
395 649 514 709 pueriliter
526 663 571 695 non
582 651 720 707 contendat;
737 654 768 698 2⁰>
779 663 821 695 nec

59 725 141 770 timere
154 731 177 770 et
195 724 354 783 subterfugere
373 725 488 770 exteriora
504 732 526 770 et
547 725 684 784 periculosa,
696 726 719 770 in
735 725 821 785 quibus

61 799 151 845 antinus
162 799 229 845 facile
247 800 378 856 effunditur,
393 805 416 845 et
434 789 542 860 frequens
558 806 594 846 est
613 799 704 846 occasio
720 801 818 860 peccati,

60 875 114 920 dum
128 874 152 920 id
163 875 203 921 fiat
216 875 280 921 salva
290 874 435 932 obedientia;
449 878 475 920 30
493 888 568 935 neque
586 875 706 935 deprecari
719 875 820 921 officinm

61 950 89 994 ad
101 950 162 1009 quod
175 940 263 996 sanitas
275 957 298 995 et
310 951 371 995 vires
385 964 429 995 non
443 956 578 1010 suppetunt,
590 951 658 996 modo
677 951 701 996 id
713 951 754 997 fiat
770 952 820 996 Deo

60 1025 123 1083 prins
132 1025 245 1079 consulto,
260 1031 347 1085 etpost
365 1039 414 1071 rem
429 1025 547 1086 Superiori
559 1027 696 1085 expositam,
709 1028 760 1089 ejus
770 1026 821 1072 dis-

59 1101 167 1159 positioni
179 1102 354 1161 acquiescendo.

91 1176 116 1219 to
134 1174 184 1231 Qua
198 1177 269 1221 ctiam
282 1177 389 1221 cautione
405 1176 516 1231 adhibita,
529 1178 615 1236 poterit
635 1190 663 1221 ex
680 1176 819 1233 humilitate,

61 1250 90 1295 ad
102 1251 230 1309 exemplum
242 1251 388 1304 Sanctorum,
401 1251 477 1296 oblata
489 1251 615 1310 praelatura
624 1252 736 1297 recusari.

90 1323 118 1366 tt.
134 1349 161 1355 —
179 1324 310 1383 Applicatio
326 1323 356 1370 ad
375 1324 492 1383 implenda
510 1324 585 1371 officia
598 1325 627 1370 ab
637 1324 771 1370 obedientia
783 1327 821 1370 in·

58 1409 149 1456 puncta.
482 1458 484 1460 Ι

91 1473 117 1515 l0
129 1472 203 1517 Debet
225 1485 275 1517 esse
293 1486 384 1531 magna,
396 1474 468 1520 etiam
483 1473 505 1516 in
522 1474 631 1529 minimis,
642 1488 671 1517 ne
689 1474 822 1518 incurratur

62 1546 194 1593 maledictio
204 1548 254 1606 ejus
264 1548 303 1607 qui
315 1548 372 1607 facit
381 1561 436 1605 opas
448 1547 492 1592 Dei
504 1545 664 1604 fraudulenter
672 1545 710 1603 (i),
719 1550 742 1590 et
749 1551 775 1590 ut
781 1558 826 1590 me·

62 1622 131 1667 ritum
146 1628 168 1666 et
189 1623 309 1681 praemium
333 1622 472 1669 obedientia
491 1626 655 1682 consequatur.
674 1620 719 1678 Qui
738 1634 822 1680 magna

62 1703 155 1748 strenue
165 1698 294 1757 exequitur,
309 1703 333 1743 et
344 1698 431 1744 minora
444 1697 547 1757 negligit,
561 1697 662 1743 ostendit
677 1710 702 1742 se
718 1711 762 1743 nee
779 1697 821 1742 soli

62 1773 110 1818 Deo
121 1774 215 1829 servire,
229 1787 271 1819 nec
282 1774 341 1819 bono
349 1774 469 1819 ‘communi
483 1773 597 1818 intentum
607 1786 665 1818 esse.

93 1852 118 1894 20
130 1849 218 1894 Eadem
229 1855 305 1895 tamen
318 1849 442 1909 applicatio
455 1848 523 1893 debet
534 1862 584 1893 esse
598 1848 718 1893 moderata
731 1853 754 1892 et
765 1848 823 1893 bene

63 1924 177 1973 ordinata,
189 1923 234 1969 hoc
249 1930 292 1977 est,
305 1924 392 1983 absque
414 1924 544 1968 inordinato
563 1923 646 1968 affectu
659 1937 665 1967 :
678 1923 747 1967 debet
762 1923 822 1967 enim

64 1997 163 2043 officinm
175 2012 225 2044 esse
245 1998 345 2044 medium
357 1998 557 2053 sanctificationis,
569 2011 615 2056 non
631 1997 823 2056 impedimentum

64 2073 153 2119 salutis.
166 2073 226 2131 Quid
237 2074 330 2133 prodest
342 2073 436 2128 homini,
451 2075 469 2117 si
487 2073 518 2118 sit
529 2073 603 2118 bonus
619 2072 737 2126 Officialis,
750 2073 825 2118 bonus

65 2150 210 2204 Procurator,
224 2148 298 2193 bonus
312 2149 472 2204 Concionator,
485 2148 529 2193 nisi
546 2147 576 2192 sit
592 2146 659 2193 simul
673 2146 747 2192 bonus
759 2147 825 2194 Reli-

64 2223 158 2280 giosns?
514 2273 520 2283 ,

82 2298 121 2343 '30
135 2299 208 2345 Debet
221 2312 270 2345 esse
287 2298 436 2344 subordinate
455 2304 478 2343 et
492 2298 600 2357 pacifica,
611 2300 637 2342 lo
656 2298 761 2358 quidem,
771 2299 826 2359 quia
844 2327 847 2331 -

65 2374 104 2418 ubi
114 2375 193 2434 plures
206 2383 259 2420 sunt
270 2376 294 2420 in
304 2375 385 2421 eodem
395 2374 478 2428 officio,
492 2375 549 2420 ordo
562 2374 633 2433 exigit
644 2379 670 2420 ut
681 2375 710 2431 ei,
723 2376 763 2435 qni
775 2375 827 2435 pri-

66 2454 154 2494 matum
164 2449 241 2506 habet,
253 2450 292 2496 alii
305 2450 394 2495 subsint
408 2457 431 2494 et
444 2449 536 2509 cedant,
548 2457 570 2495 et
583 2450 735 2496 inSocietate
748 2451 771 2495 in
785 2463 827 2495 cu-

49 2521 113 2580 ,lina
131 2524 263 2571 laborantes
277 2537 351 2585 coquo
369 2523 453 2570 debent
467 2537 561 2584 parere;
573 2528 601 2572 2⁰
612 2531 700 2582 autem,
715 2525 771 2586 quia
787 2523 827 2568 ubi

111 2596 115 2618 i

8 2730 10 2733 Α
86 2690 112 2736 (l)
120 2668 189 2728 Jercm.
199 2700 262 2728 turin.
