1715 2812
61 172 94 224 30
341 185 397 223 onas
416 171 546 224 sacouocs

60 290 139 333 menta
150 292 205 333 sunt
216 286 245 333 ad
255 286 328 332 Deum
339 286 535 346 cognoscendum,
548 285 680 341 amandum,
696 284 764 347 eique
774 299 826 333 ser-

60 362 180 411 tiendum.
200 362 302 408 Externa
318 367 372 408 sont
390 375 470 408 omnes
488 366 603 409 creatura
618 360 746 420 sensibiles,
768 374 826 421 quas

61 439 124 483 Deus
137 442 230 497 propter
242 450 278 481 mc
291 437 380 484 creavit
393 443 416 483 et
432 443 567 494 conservat,
581 451 615 484 eae
627 427 688 483 enim
701 435 824 496 perfectio-

60 525 102 557 nes
114 510 204 556 divinas
215 510 271 555 mihi
284 512 441 566 manifestant,
454 523 556 557 amorem
566 512 615 569 ejus
628 510 684 556 mihi
698 512 823 570 :pplicant

61 587 124 634 vires
137 586 294 645 suppeditant,
309 586 439 646 exemplum
454 586 558 646 praebent
573 586 594 631 ei
607 586 722 632 serviendi
735 602 740 630 ;
753 585 826 632 Ordi-

61 662 152 707 ootr'one
163 666 203 707 tuo
212 668 345 721 perseveret
353 661 408 717 dies,
416 661 522 723 quonium
535 663 611 707 ororct'o
622 661 726 708 seruiunt
734 661 776 707 till
788 661 824 718 ll).

91 742 117 785 tl⁰
138 738 337 797 supernaturalia,
354 743 402 785 tam
420 737 537 798 generalia
557 751 627 798 qrram
645 738 764 798 specialia,
777 743 826 783 tam

62 820 158 861 externa
169 827 240 874 quam
249 814 348 862 interna.
360 815 386 860 ln
399 815 450 861 istis
462 820 516 860 sunt
532 814 704 874 Scripturarunr
723 813 824 868 oracula,

16 909 18 912 ·
62 889 182 945 miracula,
194 878 340 937 sacramenta
354 906 359 936 :
372 889 451 937 inillis
463 890 539 949 gratia
557 890 705 936 sanctificans
714 894 745 935 -et
757 889 827 948 adju-

61 980 127 1022 vans,
146 972 182 1012 tot
199 966 367 1013 illustrationes
381 967 407 1011 io
424 966 551 1022 intellectu,
564 971 599 1011 tot
617 965 782 1026 inspirationes
804 970 827 1012 et

63 1043 107 1102 piae
119 1041 233 1087 motiones
254 1042 278 1086 in
297 1042 430 1098 uoluntate3
444 1042 500 1087 itam
513 1047 549 1087 tot
561 1041 708 1097 decimenta,
723 1041 827 1100 exempla

61 1123 85 1163 et
98 1118 232 1175 adjumenta
245 1117 389 1175 quotidiana,
405 1129 457 1175 quae
468 1115 566 1175 quisque
579 1117 704 1175 experitur.

92 1193 118 1235 3⁰
129 1190 214 1235 Divina
228 1204 233 1234 :
248 1202 301 1234 nam
317 1203 400 1249 panum
420 1190 464 1235 luit
480 1191 528 1234 Deo
540 1189 640 1247 Angelos
661 1202 716 1235 suos
734 1189 764 1234 ad
783 1202 828 1235 no·

62 1269 136 1310 stram
156 1264 286 1310 custodiam
306 1264 418 1324 deputare
433 1279 437 1309 :
452 1263 525 1310 voluit
540 1265 601 1309 Deus
618 1265 668 1323 ipse
687 1264 825 1323 majestatis,

62 1339 102 1399 qui
115 1338 168 1384 finis
180 1343 215 1384 est
226 1343 313 1394 noster,
323 1338 374 1384 fieri
387 1339 459 1385 etiarn
473 1339 583 1394 medium,
596 1342 620 1384 et
635 1339 664 1385 ad
674 1351 716 1383 nos
729 1338 827 1385 descen-

62 1415 126 1471 dere,
140 1418 166 1459 ut
181 1427 222 1474 per
241 1415 317 1475 ipsum
337 1405 366 1461 ad
382 1415 458 1475 ipsum
478 1414 560 1460 tendas
573 1419 596 1460 et
612 1412 742 1475 pervenias
755 1413 828 1463 Nece

62 1490 139 1544 dutus,
148 1489 210 1535 rtolris
221 1479 299 1544 iratur,
314 1490 343 1550 (tl
356 1494 380 1536 et
395 1490 419 1535 in
437 1504 493 1536 usus
509 1497 600 1537 nostros
614 1495 678 1536 totus
694 1503 826 1544 expensus:

61 1566 87 1612 Se
100 1579 192 1611 recreans
206 1564 267 1611 dedit
283 1565 376 1620 socium,
388 1579 515 1612 concrescens
528 1567 553 1612 ic
572 1566 680 1620 edultum,
693 1579 714 1612 so
730 1567 829 1613 moriens

61 1642 87 1687 io
95 1641 208 1701 piratium,
219 1656 241 1686 sc
256 1655 354 1700 reprcunt
371 1641 411 1687 dut
430 1642 456 1687 t'rt
469 1642 592 1700 proemium
599 1656 608 1698 ς
618 1641 672 1688 hinc
690 1642 747 1688 dicit
761 1657 767 1689 :
779 1642 828 1700 Epo

61 1731 112 1764 suin
131 1718 178 1771 otu,
192 1723 213 1763 et
227 1718 321 1771 celetur,
333 1725 355 1765 ot
372 1718 421 1764 vitu
431 1719 469 1778 (3).
482 1718 511 1764 Et
528 1719 552 1763 in
570 1718 724 1764 Eucharistiae
743 1720 828 1765 Sacra-

62 1799 142 1839 mento
161 1793 264 1852 seipsum
284 1793 372 1853 praebet
390 1794 415 1838 in
433 1793 510 1839 cibum
523 1799 546 1839 et
562 1798 650 1854 potum,
664 1797 687 1839 et
699 1793 724 1839 in
737 1793 829 1840 sacrifi-

62 1869 124 1914 cium
136 1869 308 1929 quotidianum.

92 1943 154 1998 Qntu
164 1944 240 2003 potuit
251 1943 311 1989 Deus
322 1944 386 1989 ultro
397 1943 473 2003 fucere
484 1943 555 1989 uirtute
565 1956 612 1989 rouo
622 1943 670 2003 (llil
682 1956 758 1989 nonne
777 1957 829 1989 rne-

63 2017 108 2063 rito
120 2018 252 2078 expectavit
264 2022 291 2063 ut
302 2017 390 2064 faceret
410 2017 485 2063 utras?
495 2022 518 2063 et
537 2017 591 2078 quid
607 2016 716 2064 retribuis
733 2018 829 2063 Domino

61 2106 106 2154 pro
116 2092 217 2139 ottonibus
232 2107 280 2154 qttue
292 2092 402 2140 retribuit
413 2093 455 2140 titt
467 2093 513 2153 (att

94 2169 214 2228 Quomodo
238 2171 274 2216 his
295 2169 402 2216 omnibus
424 2169 507 2216 mediis
527 2169 640 2216 hactenus
658 2181 713 2216 usus
730 2170 829 2217 estimo

64 2260 136 2307 quam
152 2259 214 2306 saepe
232 2251 256 2293 et
275 2260 346 2307 quam
363 2245 522 2308 multipliciter
535 2246 621 2293 abusus
633 2245 675 2292 es?
685 2247 722 2293 vel
737 2247 760 2293 in
772 2248 829 2308 ipsis

62 2323 134 2369 finem
147 2329 212 2369 tuum
222 2322 394 2379 constituend0‚
407 2323 444 2370 vel
457 2324 507 2382 ipsa
519 2324 548 2370 ad
564 2323 675 2382 teipsum
688 2330 829 2385 praepostere

63 2398 194 2456 referendo.

93 2475 211 2520 Poumcu
227 2473 266 2519 ΙΙΙ.
280 2498 310 2507 -
324 2473 490 2535 [mpedimenta
509 2487 523 2520 a
540 2473 587 2518 fine
605 2474 735 2520 avertentia
753 2478 828 2522 sunt:

95 2623 115 2668 l)
124 2623 191 2658 Psalm.
201 2633 261 2663 oxum,
482 2623 508 2667 (l)
516 2622 538 2660 ls.
548 2632 568 2657 v.

88 2670 114 2712 (21
122 2669 190 2714 Hymn.
199 2668 249 2706 dccl.
483 2669 507 2714 (5)
515 2667 584 2704 Psalm.
593 2676 635 2704 cnr.

89 2714 114 2762 (St
123 2713 177 2750 Jcan.
187 2723 225 2748 xiv.
