1715 2908
204 155 317 196 cannam
336 156 503 190 nnnnonrnnAE
528 156 637 192 anemos
753 144 801 193 301

44 239 154 310 recolens,
167 254 306 312 eosdemque
317 264 370 297 cum
381 252 430 311 ipso
441 258 507 297 aetus
521 253 653 300 intellectus
665 260 689 299 el
699 253 803 301 volunta·

42 323 72 369 tis
82 324 188 383 eliciens,⁴
196 333 266 386 teque
276 325 352 385 ipsnm
364 339 417 371 cum
430 324 585 376 illoofferens.

71 401 96 444 4⁰
108 403 267 447 Attentionem
277 406 300 445 et
311 400 457 446 devotionem
471 402 612 461 praecipuam
622 402 679 449 affer
696 402 721 447 in
730 401 803 447 obla-

41 473 103 519 tione
127 476 239 528 materiae,
263 475 443 529 consecratione,
468 474 611 531 adoratione,
636 475 741 522 oratione
761 489 802 536 pro

40 549 99 595 vivis
110 557 132 595 et
145 549 268 604 defunctis,
282 553 305 594 et
317 550 488 595 communione.

70 624 110 669 ΙΙΙ.
123 625 297 672 -Gratiarum
317 625 377 670 aetio
395 630 503 670 accurate
523 632 546 671 et
563 638 595 670 ex·
605 626 683 683 corde,
697 639 743 671 non
756 639 804 686 per·

41 698 154 745 functoria
165 705 188 745 et
199 692 273 752 obiter
286 699 401 745 facienda.

71 775 97 818 l0
107 775 189 821 Recita
208 788 236 821 ex
256 777 332 821 animo
350 773 472 820 Canticum
483 775 553 820 trium
564 775 697 831 Puerorum,
710 782 733 821 et
746 775 803 821 alias

41 863 121 910 preces
132 851 281 911 praeseriptas
296 851 381 911 inipso
395 849 479 905 reditu,
494 855 517 896 et
531 856 720 910 paramentorum
737 851 803 911 depo·

41 924 133 970 sitione.

71 1003 97 1048 20
110 1000 249 1047 Gennflenus
262 996 333 1046 adora
346 1012 374 1045 ex
386 1000 474 1045 intimis
491 1000 626 1060 praecordiis
644 1000 761 1048 Christum
779 1003 802 1047 in

42 1081 64 1121 to
73 1076 216 1123 habitantem
227 1075 387 1136 corporaliter.

71 1154 97 1197 3⁰
108 1151 197 1198 Divinis
216 1153 266 1212 eJ'us
284 1149 456 1211 operationibus
475 1151 656 1205 unirereosdem
676 1165 734 1211 quos
753 1153 802 1211 ipso

42 1227 167 1282 memoriae,
180 1227 311 1272 intellectus
324 1232 347 1271 et
360 1224 486 1271 voluntatis
500 1231 566 1271 actos
577 1226 713 1281 exercendo,
729 1234 754 1272 ut
766 1227 803 1271 oi-

42 1317 94 1348 cere
104 1303 178 1362 possis
191 1316 195 1345 :
211 1300 265 1349 Vioo
275 1314 322 1360 epo,
328 1300 379 1360 jorn
388 1313 434 1345 nort
449 1313 495 1359 eqo,
507 1299 566 1345 oioit
579 1314 632 1346 vcro
646 1301 672 1346 io
684 1315 719 1347 mc
732 1302 802 1348 Ciri-

42 1376 138 1435 otosll).
402 1373 404 1376 ’

73 1453 98 1497 4ο
109 1450 223 1512 Adductis'
234 1449 264 1495 ad
277 1461 329 1494 eum
341 1447 447 1494 omnihus
458 1448 568 1507 potentiis
585 1449 638 1504 tois,
654 1463 710 1508 roga
723 1447 748 1495 ut
766 1452 802 1496 rii-

42 1513 218 1585 gne'tur'sanare
229 1523 376 1579 infirmitates
388 1531 448 1569 toas.

73 1602 98 1644 5⁰
109 1600 171 1646 Offer
184 1598 343 1644 iterum'hano
359 1598 480 1643 victimam
492 1598 539 1651 Deo
555 1599 627 1653 Patri,
639 1600 706 1657 juxta
722 1600 803 1645 molti-

44 1674 127 1734 plioem
137 1673 244 1720 sacrificii
256 1672 333 1726 finem,
345 1679 368 1716 et
381 1676 453 1716 temet
463 1676 538 1716 totum
547 1684 599 1716 cum
612 1671 671 1729 ipsa.

73 1752 98 1794 6⁰
111 1747 158 1794 Ora
175 1748 245 1794 etiam
264 1737 346 1807 pro'iis
363 1745 447 1804 quibus
467 1745 606 1791 sacrificium
625 1745 765 1806 applicuisti,
781 1751 803 1791 et

44 1837 84 1885 pro
95 1824 186 1870 caeteris
197 1823 270 1883 quise
281 1819 401 1867 sacrificiis
414 1821 461 1867 tuis
471 1820 670 1866 commendarant.
695 1876 697 1878 .

66 1973 160 2021 (illiniat.
171 1984 191 2011 n.
