1715 2812
157 328 402 398 Exonerata
440 289 730 405 sererronnrn

292 484 418 539 DECEM
451 484 595 540 DIERUM

241 624 291 665 CUM
312 624 420 673 QUINQUE
440 624 646 666 MEDITATIONIBUS

331 728 358 783 rn
374 750 489 783 strennos
504 751 560 784 ntes
604 733 609 745 '

380 841 510 861 -ιιῃ

87 938 110 979 Ι.
124 934 193 994 Dine.
205 935 275 980 —De
287 934 340 979 fine.
351 933 428 979 Prima
440 932 561 980 Meditatio
572 948 577 978 :
590 946 604 979 a
615 947 669 993 quo„
681 932 748 993 eujus
760 941 783 980 ot
795 935 825 981 ad

61 1008 118 1068 qnid
130 1009 209 1054 estu?
222 1022 250 1054 ex
266 1009 367 1053 reconda
380 1006 418 1052 die
436 1008 539 1053 secunda
555 1008 685 1054 Meditatio.
698 1009 804 1054 Secunda
818 1023 824 1056 :

61 1083 90 1128 de
102 1082 203 1138 motivis,
216 1082 306 1138 mediis,
316 1081 497 1142 impedimentis,
509 1096 536 1127 en
548 1083 636 1128 eadem.
647 1084 725 1128 Tertia
738 1097 743 1127 :
757 1097 825 1143 repe-

60 1157 114 1203 titio
124 1157 253 1217 utriusque.
268 1157 356 1214 Quarta
373 1163 396 1202 et
414 1157 496 1216 quinta
511 1171 516 1202 ι
529 1156 557 1202 de
575 1157 620 1202 fine
638 1157 733 1216 speciali
745 1158 824 1203 Socie-

60 1235 125 1279 tatis.
139 1234 298 1279 Consideratio
312 1248 318 1278 :
332 1233 361 1278 de
372 1232 483 1279 Oratione
497 1232 591 1278 mentali
603 1238 626 1277 et
638 1233 721 1278 vocati.
791 1235 792 1238 ’

91 1309 202 1354 ILD1ns.
218 1309 292 1354 -De
311 1307 515 1368 peccatis.·Prirna
534 1307 653 1354 Meditatio
669 1308 717 1353 :de
739 1308 824 1368 triplici

60 1390 166 1443 peccate.
178 1373 284 1429 Secunda
297 1398 303 1427 z
317 1381 346 1427 de
357 1395 467 1443 processu
479 1389 635 1442 peccatorum.
648 1382 726 1428 Tertia
738 1397 744 1436 ;
757 1396 824 1444 repe-

62 1459 124 1504 titio.
136 1457 225 1516 Quarta
239 1472 245 1502 :
258 1457 287 1504 de
297 1457 401 1518 peooatis
414 1456 552 1505 venialibus.
565 1457 650 1515 Quinta
663 1472 668 1502 :
682 1457 824 1518 depereatis

61 1535 262 1581 Consecratorurn.
275 1533 435 1581 Consideratio
450 1547 455 1577 :
469 1533 497 1579 de
513 1540 614 1594 utroque
631 1533 741 1579 Examine
753 1548 823 1593 gene-

7 1616 9 1622 ·
61 1609 105 1655 rati
116 1616 140 1655 et
153 1608 298 1667 particulari.

2 1742 3 1745 Ἴ
90 1684 255 1731 Ili.D1ns.-
270 1685 305 1730 De
316 1683 456 1739 novissimo,
469 1696 511 1730 sen
528 1683 557 1730 de
575 1684 650 1744 poenis
665 1682 822 1746 peccatorum.

61 1761 139 1807 Prima
150 1760 287 1807 Meditatio:
302 1760 330 1811 de
347 1765 430 1816 morte,
445 1772 497 1820 quae
512 1758 611 1805 hahetur
624 1759 698 1819 primo
711 1759 770 1806 loco.
781 1762 823 1807 Se-

61 1836 137 1883 cunda
149 1851 154 1881 :
167 1835 196 1883 de
204 1835 292 1895 judicio
303 1835 394 1896 privato
404 1848 431 1882 ex
444 1834 562 1896 parabola.
576 1835 672 1881 Tertia:
684 1834 712 1881 de
725 1830 822 1883 interno.

61 1912 150 1970 Quarta
161 1922 170 1970 '3
181 1911 298 1972 repetitio.
312 1910 398 1968 Quinta
414 1925 420 1956 ι
435 1910 464 1957 de
482 1910 586 1971 prodigo.
604 1910 763 1957 consideratio
777 1927 782 1957 :
796 1911 824 1958 de

62 1986 209 2033 confessione
222 1986 299 2033 activa
313 1991 336 2032 et
346 1988 447 2047 passiva.

91 2062 130 2108 IV.
142 2062 209 2109 Dios.
221 2088 249 2096 -
262 2061 296 2107 De
308 2075 378 2121 regno
395 2060 488 2119 Christi,
499 2066 521 2106 et
536 2062 586 2120 ejus
602 2061 707 2119 ingressu
720 2062 743 2107 in
754 2076 823 2108 mnn-

62 2138 126 2183 dum.
135 2136 336 2183 PrimaMeditatio
346 2136 388 2182 :de
397 2136 448 2198 ipso
457 2135 571 2182 invitante
580 2135 651 2181 adsui
660 2135 822 2185 imitationem.

61 2212 168 2259 Secunda
180 2225 185 2256 :
199 2212 228 2257 de
238 2212 409 2258 incarnatione.
420 2211 499 2257 Tertia
514 2226 519 2255 ι
531 2211 560 2257 de
572 2210 708 2257 Nativitate.
720 2213 822 2269 Quarta:

61 2287 90 2334 de
114 2286 301 2333 Circumcisione.
319 2285 404 2343 Quinta
424 2300 429 2330 :
449 2284 557 2346 repetitio
579 2285 709 2346 praesertim
732 2288 821 2348 primae.

61 2362 220 2409 Consideratio
241 2377 246 2407 ι
266 2361 295 2408 de
317 2361 469 2409 Eucharistiae
488 2363 637 2409 sacramanto
653 2367 676 2406 et
700 2363 821 2420 sacrificio,

10 2490 11 2493 Ἴ
49 2432 312 2498 'ejusqueador‘atione

90 2513 119 2559 V.
134 2513 202 2558 Dias.
214 2537 242 2546 -
254 2512 288 2557 De
303 2511 353 2558 vita
369 2511 453 2558 Christi
474 2512 572 2571 privata.
594 2512 670 2558 Prima
684 2512 821 2560 Meditatio:

60 2589 91 2635 do
103 2587 284 2634 Praesentatione
297 2587 381 2633 Christi
398 2586 501 2633 infantis.
519 2586 624 2633 Secunda
637 2602 642 2632 :
654 2586 683 2632 de
695 2587 758 2646 regia
773 2590 823 2646 ejos

62 2665 185 2726 dignitate.
196 2663 289 2709 Tertia:
304 2663 332 2708 de
350 2662 404 2721 suga
422 2663 446 2709 in
466 2663 598 2725 AEgyptnm.
616 2662 704 2720 Quarta
716 2678 720 2706 ε
733 2662 762 2709 de
774 2665 822 2711 vita
