1715 2908
224 184 502 223 rasurauuuuouaua
528 185 636 227 uuruuus
744 162 750 165 ’
778 172 807 221 81

67 283 139 330 'Hinc
151 296 202 344 spes
221 288 245 329 et
264 281 347 335 fervor,
365 282 417 328 inde
435 279 509 327 metus
526 278 549 329 et
568 281 668 339 tremor3
683 296 733 329 cum
752 284 811 331 utris

51 359 95 407 erit
108 373 160 419 pars
174 358 230 405 tuat
240 358 302 403 Deus
314 357 366 403 scit.
468 361 470 364 “

81 434 225 495 Colloquium
236 433 264 479 ad
275 432 377 491 iudicem
389 446 429 492 pro
443 433 535 477 affectu.
547 435 609 480 Jrrsto
621 434 696 479 leuues
707 433 811 488 ultiouis,

51 512 133 556 dolium
143 509 179 570 foc
187 508 326 555 remissionis
338 513 390 554 oute
401 505 459 553 clioru
470 507 574 554 rotiouis.

258 673 274 698 Ψ
318 673 355 717 lll.
373 672 543 718 MEDITATIO.

199 768 203 774 “
265 768 410 827 Properotio
427 768 457 813 ool
473 767 596 814 Jlulioiuru.

56 847 57 850 Ἴ
106 869 205 922 Prmlurliu
215 872 237 903 ut
247 868 269 903 iri
279 866 296 904 1.
308 867 444 904 lleilitulioue.

81 958 196 1004 Puucruur
204 957 222 1002 Ι.
229 982 256 991 -
265 955 385 1001 Parabola.
393 958 418 1000 l⁰
428 955 467 1001 Vir
480 956 576 1015 quidam
585 956 637 1002 'tota
650 956 697 1002 uita
706 965 813 1004 versatus

52 1033 75 1078 iu
89 1033 188 1092 negotiis
207 1030 305 1092 puhlicis
318 1036 342 1075 et
353 1030 490 1090 periculosis
511 1031 575 1091 (puta
592 1033 616 1076 iu
635 1021 718 1078 aerario
737 1033 813 1078 adrui-

52 1107 188 1165 uistraudul‚
202 1107 225 1151 iu
239 1105 322 1165 quibus
334 1099 381 1150 labi
392 1105 494 1164 proclive
507 1111 542 1150 est
555 1111 578 1150 et
590 1105 666 1161 facile⁷
680 1105 757 1165 lapsus
768 1120 812 1151 au-

53 1188 100 1228 tern
112 1194 190 1227 omnes
201 1179 313 1240 capitales
323 1187 384 1233 sunt,
397 1178 452 1224 nillil
461 1179 503 1225 silui
515 1185 594 1240 apertu
605 1181 711 1226 conscius
718 1187 761 1235 est,
772 1182 814 1227 srd'
838 1186 840 1188 ’

53 1272 95 1304 uec
119 1257 187 1303 habet
209 1260 296 1302 certare
317 1244 454 1301 innocentiae
473 1268 521 1302 suae
540 1257 720 1311 conscientiam
739 1258 812 1303 molta

53 1334 114 1381 euim
134 1333 166 1379 illi
182 1338 290 1392 suspecta
306 1339 438 1386 occurrunt,
453 1345 506 1393 quae
518 1333 642 1379 accusandi
662 1333 738 1380 locum
751 1347 812 1394 urae-

53 1410 114 1466 hant,
127 1413 169 1455 uec
182 1414 286 1469 paratam
296 1407 382 1454 habeut
391 1408 572 1454 excusationem.

83 1489 109 1532 ⁶2⁰
121 1487 249 1531 Accirsatur
268 1483 297 1529 de
308 1482 370 1529 facto
384 1483 408 1528 in
422 1482 501 1528 multis
514 1483 542 1529 ab
555 1483 688 1530 adversario
701 1486 721 1529 ei
734 1486 814 1545 perin-

53 1560 126 1614 feusu,
139 1572 231 1618 sagace,
242 1564 345 1617 potente,
358 1558 397 1617 qui
418 1557 541 1615 diligenter
560 1559 716 1606 consideravit
733 1573 813 1606 ornnes

53 1635 103 1681 vias
114 1636 170 1693 ejus,
183 1637 255 1678 testes
266 1639 346 1677 contra
362 1643 415 1676 eum
432 1630 526 1676 adhibet
544 1632 614 1677 etiam
634 1633 722 1679 amicos
734 1631 818 1682 etilo-

53 1710 162 1755 mesticos
172 1710 228 1766 ojus⁷
243 1707 335 1751 chartas
346 1709 396 1765 eJ'us
406 1706 575 1753 secretissimus
588 1707 643 1761 edit,
656 1707 779 1754 schedulas
790 1716 813 1756 et

53 1783 205 1842 chirographa
219 1780 333 1840 producit.
767 1825 769 1830 ,
790 1771 792 1774 ’

83 1860 109 1902 30
120 1858 166 1902 Res
179 1857 254 1914 agitur
267 1867 344 1899 coram
354 1855 433 1913 Judice
451 1856 608 1901 oculatissimo
621 1862 644 1901 et
658 1858 812 1909 severissimo,

53 1944 160 1991 siruremu
173 1936 196 1975 et
214 1929 383 1987 omnipotente3
394 1929 430 1973 cui
451 1934 573 1975 accusatus
591 1930 668 1975 omnia
684 1930 761 1985 debet,
772 1931 813 1977 sed

54 2019 123 2067 quem
138 2000 199 2064 saepa
210 2008 234 2048 et
245 2003 346 2061 graviter
356 2002 460 2057 offendit,
473 2007 498 2047 ut
511 2005 550 2048 vix
567 2004 693 2063 quicquam
712 2004 765 2050 boui
785 2005 814 2051 ab

53 2082 104 2141 ipso
121 2091 215 2139 sperare
236 2084 314 2136 circat,
336 2077 413 2122 omnia
430 2076 507 2136 potius
529 2077 614 2133 timere
630 2077 727 2136 debeut;
745 2093 814 2140 quem

53 2150 131 2202 terueu
150 2155 348 2214 ueque'resusare
367 2157 445 2211 queat
459 2165 502 2198 nec
519 2151 618 2199 tribunal
635 2154 685 2213 ejus
698 2154 814 2202 declinare

55 2231 134 2292 ttossit.

84 2309 110 2352 lo
121 2306 203 2366 Agitur
217 2308 294 2351 autem
306 2303 335 2350 de
353 2303 460 2363 fortunis,
474 2304 543 2359 fama,
555 2304 648 2361 horrore,
664 2307 711 2353 vita
724 2307 782 2368 ipsa,
791 2313 814 2354 et

55 2383 149 2444 uiridem
159 2381 247 2442 iudicio
260 2381 388 2439 definitivo,
402 2380 556 2437 irrevocabili,
570 2381 722 2440 ineluctabili,
734 2390 815 2430 contra

54 2459 116 2521 qirod
129 2457 191 2503 nulla
201 2456 270 2503 datur
282 2456 414 2517 appellatio,
426 2459 543 2518 oppositio·
554 2466 594 2505 aut
605 2459 748 2515 resistentia.

85 2536 110 2578 5⁰
120 2533 241 2593 Quisnam,
251 2545 339 2593 quaeso,
351 2533 374 2578 in
387 2532 427 2578 tali
439 2533 542 2592 periculo
555 2535 696 2581 constitutus
714 2548 757 2580 nou
770 2536 814 2581 sihi

54 2594 152 2654 timeat?
163 2606 215 2667 quis
232 2619 279 2652 non
294 2611 451 2670 tot-ocorpure
461 2608 645 2654 contremiscat?
655 2615 718 2655 certe
729 2622 813 2666 caecus,

55 2682 161 2741 stupidus
174 2687 214 2726 aut
225 2689 305 2726 arcens
316 2678 395 2737 irretit,
407 2680 447 2740 qui
458 2680 514 2725 illud
526 2688 667 2737 contemnat,
679 2683 744 2741 parui
758 2696 816 2741 pou-

740 2775 760 2814 5,
