1715 2908
211 190 213 193 ¹
252 187 358 249 ,Parnm
376 208 544 271 annuentium
568 209 665 244 enimus
814 195 847 243 45

86 313 248 367 certapuncta
261 306 442 362 consideranda;
457 307 562 366 praevisis
573 306 743 358 reflexionibus,
759 307 849 351 conclu·

87 381 197 438 sionibus,
209 382 330 427 affectibus
344 388 367 426 et
379 382 505 440 propositis
517 381 570 426 inde
584 380 735 436 deducendis,
747 376 847 426 necnon

83 457 205 517 praeludiis
221 463 244 502 el
261 456 393 516 colloquiis;
408 459 434 501 3ο
447 455 499 501 addi
519 461 593 515 potest
610 456 744 519 proximior,
758 456 849 500 consis-

18 552 20 555 ’
86 532 171 577 tensio
190 530 320 576 reuocando
338 530 440 575 breviter
458 531 539 575 eadem
558 531 653 576 materia
678 536 731 575 ante
751 535 774 575 et
795 537 848 589 post

87 619 200 660 sumnum,
214 610 331 664 assumpta
344 604 485 663 cogitatione
498 617 608 663 congruo,
621 612 643 650 et
658 602 759 650 excitato
779 605 848 649 simili

87 687 150 724 motu
164 680 186 723 in
200 681 304 738 appetitu
317 679 442 734 sensitivo3
455 679 554 738 denique
565 681 588 723 in
604 680 743 737 sanescendo
763 679 849 738 paulu-

88 755 133 798 lum
152 761 204 799 ante
223 754 358 809 orationem,
374 743 498 812 pensando*
510 767 555 812 quo
571 754 645 798 iturus
658 755 690 798 sis
702 760 726 799 et
741 755 796 813 qnid
809 768 849 800 uc-

88 839 161 875 turus
267 839 269 842 '
310 833 312 835 ’
756 818 759 825 V

116 905 144 949 II.
160 931 186 937 -
198 903 317 949 illeditatio
337 903 386 963 ipsa
398 902 442 949 tria
460 901 630 962 complectitur,
643 903 779 962 ingressum,
793 917 847 965 pro-

87 994 190 1039 gressum
212 986 235 1024 et
256 992 374 1039 egressum
400 993 405 1023 t
429 979 477 1024 siue
498 978 598 1033 initium,
619 993 702 1040 corpus
727 988 750 1027 et
771 981 848 1027 linem.

88 1062 112 1101 lo
123 1051 282 1116 ingressusest
297 1047 435 1115 praeparatio
447 1055 558 1115 (parandum
567 1056 658 1102 interna
670 1065 692 1102 et
705 1058 848 1110 immediata,

87 1146 139 1192 quae
155 1133 181 1177 fit
194 1145 234 1190 per
248 1131 405 1176 adorationem
420 1131 461 1174 Dei
480 1138 505 1175 ut
522 1132 651 1193 praesentis,
665 1145 705 1191 per
722 1134 849 1178 orationum

87 1205 285 1267 preparatorium,
300 1219 346 1264 qua
365 1207 452 1264 petitur
471 1206 545 1264 gratia
561 1206 619 1251 bene
640 1207 721 1252 orandi
739 1213 762 1252 et
776 1208 851 1254 medi-

89 1283 160 1336 landi‚
175 1286 198 1325 et
214 1294 253 1339 por
264 1280 376 1339 praeludia
395 1280 428 1324 rei
447 1280 587 1326 meditandae
600 1282 783 1334 accommodata,
798 1296 850 1342 quae

50 1391 53 1395 <
87 1356 223 1402 salte'mduo
236 1362 289 1400 sunt
304 1370 308 1398 :
325 1368 407 1413 nempe
423 1355 560 1413 compositio
580 1356 632 1408 toci,
646 1357 695 1400 sire
713 1357 849 1415 imaginaria

86 1431 261 1490 repraesentatio
275 1430 306 1474 rei
319 1429 347 1473 de
358 1443 403 1488 qua
417 1430 501 1488 agitur,
516 1434 539 1474 et
557 1429 636 1488 petitio
650 1432 732 1488 grntite
744 1433 850 1491 specialis

87 1519 139 1566 quoe
151 1505 271 1564 quaeritur.
283 1503 371 1560 Quibus
388 1504 477 1549 duobus
496 1505 518 1548 in
535 1518 559 1548 re
577 1512 642 1563 gesta
659 1507 752 1551 tertium
764 1508 850 1566 prmiu-

87 1582 150 1625 dium
161 1580 316 1638 anteponitur7
329 1592 411 1637 nempe
425 1578 520 1624 historia
532 1579 609 1625 brevis
620 1581 651 1624 rei
664 1588 748 1638 gestem
761 1586 786 1625 ⁶2⁰
799 1584 851 1628 Cor-

88 1670 128 1714 pus
145 1654 300 1700 illeditationis
317 1653 479 1712 complectitur
497 1655 545 1711 ipsa
563 1660 648 1713 puncta
667 1656 813 1712 meditanda,·
827 1659 849 1702 in

87 1729 182 1787 singulis
207 1735 283 1774 autem
314 1727 448 1774 exercendae
472 1735 526 1774 sunt
550 1733 598 1774 tres
623 1730 706 1776 animae
728 1734 848 1791 potentiue.

86 1805 180 1851 Prima:
195 1804 302 1849 Memoria
317 1817 358 1863 per
375 1817 455 1849 novom
474 1810 496 1849 et
518 1813 652 1850 accuratam
671 1806 704 1851 rai
717 1806 849 1869 intelligen-

88 1881 156 1935 tiom3
169 1879 189 1924 si
200 1879 230 1924 sit
243 1878 365 1933 sententia,
376 1878 481 1937 expensis
492 1879 590 1937 singulis
600 1880 695 1926 vocibus
708 1896 712 1926 :
728 1896 764 1927 res
775 1892 847 1941 gesta,

87 1955 238 2002 consideratis
257 1954 363 1998 omnibus
379 1954 568 2009 circumstantiis,
583 1955 691 2013 adjuncto
714 1951 764 2002 fidei
785 1965 847 2009 actu,

31 2046 32 2049 ¹
55 2083 58 2087 .
87 2032 107 2075 si
119 2030 167 2075 fieri
183 2036 265 2088 potest.
278 2028 382 2074 Secundo
397 2043 402 2072 :
416 2027 549 2073 Intellectus
565 2041 604 2073 seu
617 2029 676 2074 ratio
687 2044 728 2088 per
741 2030 848 2076 refluxio-

88 2118 138 2148 nem
151 2118 191 2148 seu
204 2103 381 2161 applicationem
395 2102 427 2146 rei
445 2102 473 2147 ad
485 2116 518 2156 sc,
533 2108 556 2146 ot
567 2102 697 2147 discursum
709 2117 750 2148 seu
761 2106 851 2151 conclu-

87 2179 175 2224 sionem
188 2177 321 2236 practicam.
335 2177 412 2220 Tertia
428 2191 432 2219 :
446 2175 559 2221 Voluntas
571 2190 612 2235 per
625 2177 723 2223 allectus
736 2192 851 2237 congruos

89 2254 140 2298 inde
152 2252 259 2306 fluentes,
273 2258 296 2296 et
309 2252 425 2310 proposita
438 2252 606 2297 conuenientia.
619 2253 653 2296 Ad
667 2253 709 2297 hos
723 2255 849 2301 meditandi

88 2336 153 2373 actus
167 2328 273 2386 sequitur
294 2327 315 2390 in
335 2326 431 2384 singulis
449 2327 541 2385 punctis
561 2326 636 2372 oratio
654 2342 693 2372 seu
712 2329 794 2386 petitio
818 2332 849 2374 roi

88 2403 217 2447 ducentisa
233 2402 288 2446 Deo.
301 2400 403 2446 Pelenda
421 2409 501 2446 autem
518 2402 617 2447 maxime
634 2415 661 2447 ea
683 2417 736 2463 qum
756 2412 850 2450 auctore

87 2479 135 2523 Duo
148 2483 313 2537 proponuntur.
330 2476 387 2520 velle
400 2481 426 2521 ut
444 2481 542 2537 oportet,
558 2482 581 2522 et
596 2491 637 2523 suo
651 2484 754 2536 tempore
765 2487 787 2525 et
802 2480 850 2525 loro

88 2553 199 2613 perlicere
217 2552 244 2597 ad
265 2550 361 2610 glorium
378 2550 454 2608 illius;
467 2543 536 2612 idque
552 2565 592 2611 per
609 2553 691 2598 merila
703 2554 796 2612 Christi,
811 2570 850 2614 per

90 2628 190 2687 Virginis
201 2627 307 2687 Deiparae
317 2632 340 2672 et
352 2628 489 2673 Sanctorum
502 2627 699 2687 intercessionem,
715 2629 766 2675 illos
780 2631 850 2676 etiam

90 2702 207 2749 interdum
220 2700 379 2761 compellando
391 2715 430 2763 per
440 2714 510 2746 uuum
522 2707 559 2747 aul
570 2700 690 2763 nmltiplex
701 2702 849 2766 colloquium,

772 2802 792 2843 3.
