1715 2908
209 192 314 229 annm
331 191 500 230 ananonunn
518 192 613 229 enimus
742 177 793 228 235

32 287 136 335 Christus
157 289 187 336 ad
204 290 343 350 Discipulos,
357 292 458 351 instante
473 290 590 349 Passione,
605 303 663 351 qnos
680 303 756 349 neque
768 291 792 336 iu

32 365 81 423 ipsa
94 365 202 411 Passione
215 365 300 410 oblitus
311 371 347 412 est
365 372 405 412 aut
422 365 532 423 neglexit.
545 366 613 412 Disce
630 365 686 411 hino
698 369 792 410 tuorum

33 444 55 483 et
66 437 163 483 aliorum
176 440 199 484 iu
213 429 411 486 extr·eruiseuram
424 453 501 499 agere.
709 433 711 436 ⁴

61 514 178 560 Puncrun
201 515 239 559 lll.
265 541 292 548 -
316 516 367 561 Non
397 511 488 561 tantum
515 521 650 560 consuetum
679 514 792 575 hymnum

33 589 91 634 dixit
105 590 142 646 ll),
157 590 196 635 sed
210 595 233 635 et
245 590 337 649 longam
350 596 372 635 et
388 591 516 635 ferventem
529 591 657 636 orationem
676 589 791 649 adjunxit.

33 666 57 709 lu
70 678 116 723 qua
127 678 141 709 a.
151 665 218 710 Patre
231 665 312 724 petiit:

62 741 87 782 l0
98 739 128 785 Ut
141 738 213 798 signis
226 752 267 784 sua
277 740 355 785 Passio
368 739 533 791 illustraretur,
544 752 573 784 ex
583 738 666 798 quibus
678 752 792 798 agnosce-

33 819 95 859 retur
114 814 156 859 Dei
176 814 256 872 Filius7
270 823 293 859 et
304 815 379 860 Patris
395 814 498 873 cognitio
511 818 581 873 atque
594 826 658 858 amor
670 814 792 872 splendes-

33 888 194 942 ceret-Peter,
203 889 303 947 clarifico
314 890 403 934 Filium
416 895 488 942 turtur,
499 894 527 934 ut
535 887 611 934 Filios
619 894 672 933 tuus
684 888 792 947 clarificet

33 972 60 1008 te.
81 962 171 1021 Allegat
189 977 253 1008 suam
271 963 426 1009 obedientiam
448 978 453 1007 :
475 963 534 1023 Opus
556 963 714 1017 constantinii,
734 964 793 1023 quoii

33 1037 215 1084 dedistirnilriut
224 1037 315 1097 furiunt.
741 1043 743 1046 ’

63 1117 88 1158 2⁰
102 1112 159 1158 Orat
171 1125 212 1173 pro
223 1113 355 1172 Discipulis,
364 1112 488 1171 multisque
501 1112 606 1170 allegatis
616 1112 723 1166 motivis;
733 1113 792 1171 petit

34 1195 58 1233 ut
69 1193 146 1233 servet
159 1200 197 1232 eos
214 1201 228 1232 a
241 1187 308 1243 malo,
322 1188 345 1231 in
364 1187 452 1232 unitate
465 1192 488 1232 et
500 1187 633 1232 sanctitate.
646 1187 756 1232 Similiter
769 1193 792 1231 et

33 1276 73 1322 pro
93 1263 122 1306 iis
144 1261 183 1321 qui
201 1249 313 1306 credituri
329 1266 395 1305 erunt
417 1274 458 1319 uer
481 1260 573 1306 uerbum
590 1260 690 1314 illoram,
704 1266 730 1306 ut
746 1261 793 1306 aiot

33 1351 111 1389 riuum,
125 1337 184 1382 siout
194 1328 215 1382 et
227 1349 274 1380 uos,
289 1336 383 1381 Confide
394 1336 492 1381 orationi
504 1334 597 1391 Christi,
610 1328 723 1395 illamque
731 1337 792 1381 Patri
832 1349 834 1351 ’

34 1417 182 1471 repraesenta.
250 1400 252 1402 ¹

63 1491 88 1532 3⁰
99 1486 207 1532 Ostendit
215 1486 243 1532 ad
259 1498 328 1544 quem
342 1483 417 1530 omnia
430 1485 522 1530 referat.
534 1486 562 1533 Ut
578 1485 791 1546 cautionumque,

34 1563 128 1607 rrururlns
139 1561 193 1620 quin
203 1565 270 1605 turae
280 1559 371 1613 misisti,
382 1566 404 1606 et
414 1559 514 1605 dilexisti
523 1574 558 1606 eos
567 1561 626 1606 sieut
636 1573 670 1606 me
682 1555 792 1615 dilexisti,

34 1645 52 1682 rr'
74 1637 120 1696 ipsi
139 1636 230 1681 oirleunt
246 1634 372 1680 claritatem
395 1639 466 1679 tuum.
491 1635 550 1681 Hine
569 1634 640 1680 refert
659 1637 793 1682 Passionem

35 1726 99 1759 suam
112 1712 140 1757 ad
153 1711 248 1770 gloriam
266 1709 340 1755 Patris
354 1716 376 1753 et
387 1722 460 1762 suam,
475 1716 498 1755 et
509 1710 538 1755 ad
551 1710 670 1756 hominum
680 1710 791 1767 salutem;

35 1793 145 1847 oraturque
153 1786 215 1830 illam
223 1797 273 1830 esse
283 1783 401 1829 efficacem
409 1784 436 1828 ad
448 1784 497 1830 lraee
508 1786 593 1830 omnia.
602 1785 668 1842 Quod
678 1791 701 1831 et
711 1792 793 1845 optare

35 1865 132 1908 interime
144 1861 205 1905 viros
216 1858 354 1919 apostolicus
365 1858 439 1903 deest.

13 1974 16 1980 .
63 1937 215 1997 Colloquium.
229 1936 291 1979 lutra
305 1935 326 1977 irr
338 1933 379 1978 hos
393 1947 471 1978 ornnes
483 1933 567 1978 Christi
580 1934 685 1979 affectus.

64 2015 123 2072 Lege
134 2013 159 2057 in
170 2009 257 2056 Libello
274 2015 338 2053 etex
354 2008 491 2061 Direotorio,
505 2020 558 2067 quae
573 2013 679 2068 spectant
695 2008 724 2055 ad
743 2014 794 2055 ter-

36 2089 89 2132 tiam
109 2085 286 2131 hebdomadam.
308 2084 365 2128 ltem
385 2096 412 2127 ex
430 2082 541 2132 Gaudier,
560 2095 611 2141 cap.
632 2095 712 2128 xxrx:
732 2085 793 2130 Deus

13 2185 15 2189 ·
34 2165 94 2209 airus
108 2161 247 2222 apostolicus
257 2159 325 2204 rebus
337 2158 441 2204 adversis
457 2158 551 2203 tandem
563 2158 659 2218 perficit.

249 2312 336 2358 XXlll.
355 2310 578 2357 CONSIDERATIO.

341 2408 375 2453 De
390 2406 485 2464 Studiis.

64 2510 81 2552 l.
94 2534 121 2542 —
142 2507 281 2554 studiositas
296 2507 369 2551 virtus
384 2511 418 2549 est
439 2517 492 2563 quae
510 2505 619 2550 affectum
638 2508 662 2549 et
686 2509 795 2551 conatur.

36 2582 187 2640 cognoscendi
200 2581 327 2627 secundum
339 2579 436 2626 rationis
448 2579 608 2638 praesoriptum
620 2578 765 2626 moderatur.

58 2700 83 2745 (t)
93 2701 149 2738 toan.
160 2710 206 2737 xrrr.
