<?xml version="1.0" encoding="UTF-8"?>
<!DOCTYPE html PUBLIC "-//W3C//DTD XHTML 1.0 Transitional//EN"
    "http://www.w3.org/TR/xhtml1/DTD/xhtml1-transitional.dtd">
<html xmlns="http://www.w3.org/1999/xhtml" xml:lang="en" lang="en">
 <head>
  <title>
</title>
<meta http-equiv="Content-Type" content="text/html;charset=utf-8" />
  <meta name='ocr-system' content='tesseract 3.04.00' />
  <meta name='ocr-capabilities' content='ocr_page ocr_carea ocr_par ocr_line ocrx_word'/>
</head>
<body>
  <div class='ocr_page' id='page_1' title='image "MN5052ucmf_3_0033.png"; bbox 0 0 1715 2812; ppageno 0'>
   <div class='ocr_carea' id='block_1_1' title="bbox 78 134 544 193">
    <p class='ocr_par' dir='ltr' id='par_1_1' title="bbox 78 134 544 193">
     <span class='ocr_line' id='line_1_1' title="bbox 78 134 544 193; baseline 0.013 -5"><span class='ocrx_word' id='word_1_1' title='bbox 78 134 112 188; x_wconf 82' lang='lat'><strong>20</strong></span> <span class='ocrx_word' id='word_1_2' title='bbox 368 144 430 192; x_wconf 73' lang='lat' dir='ltr'><strong>&#39;utus</strong></span> <span class='ocrx_word' id='word_1_3' title='bbox 448 152 544 193; x_wconf 76' lang='lat' dir='ltr'><strong>antuus</strong></span> 
     </span>
    </p>
   </div>
   <div class='ocr_carea' id='block_1_2' title="bbox 42 243 840 311">
    <p class='ocr_par' dir='ltr' id='par_1_2' title="bbox 42 243 840 311">
     <span class='ocr_line' id='line_1_2' title="bbox 42 243 840 311; baseline 0.004 -20"><span class='ocrx_word' id='word_1_4' title='bbox 42 308 44 311; x_wconf 12' lang='lat' dir='ltr'>v</span> <span class='ocrx_word' id='word_1_5' title='bbox 79 243 189 303; x_wconf 57' lang='lat' dir='ltr'><strong>oblitane</strong></span> <span class='ocrx_word' id='word_1_6' title='bbox 199 245 311 306; x_wconf 87' lang='lat' dir='ltr'><strong>quietum,</strong></span> <span class='ocrx_word' id='word_1_7' title='bbox 322 245 352 292; x_wconf 90' lang='lat' dir='ltr'><strong>ah</strong></span> <span class='ocrx_word' id='word_1_8' title='bbox 364 247 426 294; x_wconf 85' lang='lat' dir='ltr'><strong>omni</strong></span> <span class='ocrx_word' id='word_1_9' title='bbox 436 247 536 308; x_wconf 82' lang='lat' dir='ltr'><strong>strepitu</strong></span> <span class='ocrx_word' id='word_1_10' title='bbox 544 247 616 295; x_wconf 85' lang='lat' dir='ltr'><strong>etiam</strong></span> <span class='ocrx_word' id='word_1_11' title='bbox 626 248 717 295; x_wconf 81' lang='lat' dir='ltr'><strong>interno</strong></span> <span class='ocrx_word' id='word_1_12' title='bbox 726 259 840 304; x_wconf 62' lang='lat' dir='ltr'><strong>vacuum</strong></span> 
     </span>
    </p>
   </div>
   <div class='ocr_carea' id='block_1_3' title="bbox 79 320 842 441">
    <p class='ocr_par' dir='ltr' id='par_1_3' title="bbox 79 320 842 441">
     <span class='ocr_line' id='line_1_3' title="bbox 79 320 842 382; baseline 0 -17"><span class='ocrx_word' id='word_1_13' title='bbox 79 320 186 366; x_wconf 80' lang='lat' dir='ltr'><strong>silentem</strong></span> <span class='ocrx_word' id='word_1_14' title='bbox 203 324 359 381; x_wconf 79' lang='lat' dir='ltr'><strong>praeterquam</strong></span> <span class='ocrx_word' id='word_1_15' title='bbox 378 334 431 367; x_wconf 89' lang='lat' dir='ltr'><strong>cum</strong></span> <span class='ocrx_word' id='word_1_16' title='bbox 452 322 500 366; x_wconf 91' lang='lat' dir='ltr'><strong>Deo</strong></span> <span class='ocrx_word' id='word_1_17' title='bbox 505 335 514 377; x_wconf 88' lang='lat'><strong>,·</strong></span> <span class='ocrx_word' id='word_1_18' title='bbox 527 321 652 368; x_wconf 86' lang='lat' dir='ltr'><strong>sollicitum</strong></span> <span class='ocrx_word' id='word_1_19' title='bbox 670 335 699 368; x_wconf 91' lang='lat' dir='ltr'><strong>ne</strong></span> <span class='ocrx_word' id='word_1_20' title='bbox 715 335 762 382; x_wconf 86' lang='lat' dir='ltr'><strong>qua</strong></span> <span class='ocrx_word' id='word_1_21' title='bbox 777 321 801 366; x_wconf 89' lang='lat' dir='ltr'><strong>in</strong></span> <span class='ocrx_word' id='word_1_22' title='bbox 817 333 842 366; x_wconf 91' lang='lat' dir='ltr'><strong>re</strong></span> 
     </span>
     <span class='ocr_line' id='line_1_4' title="bbox 80 380 842 441; baseline 0 -16"><span class='ocrx_word' id='word_1_23' title='bbox 80 380 140 436; x_wconf 83' lang='lat' dir='ltr'><strong>desit</strong></span> <span class='ocrx_word' id='word_1_24' title='bbox 152 382 234 439; x_wconf 70' lang='lat' dir='ltr'><strong>gratiae</strong></span> <span class='ocrx_word' id='word_1_25' title='bbox 250 380 301 436; x_wconf 86' lang='lat' dir='ltr'><strong>Dei,</strong></span> <span class='ocrx_word' id='word_1_26' title='bbox 314 388 337 426; x_wconf 90' lang='lat' dir='ltr'><strong>et</strong></span> <span class='ocrx_word' id='word_1_27' title='bbox 355 381 408 426; x_wconf 90' lang='lat' dir='ltr'><strong>ideo</strong></span> <span class='ocrx_word' id='word_1_28' title='bbox 423 382 499 427; x_wconf 87' lang='lat' dir='ltr'><strong>omnia</strong></span> <span class='ocrx_word' id='word_1_29' title='bbox 516 386 540 427; x_wconf 90' lang='lat' dir='ltr'><strong>et</strong></span> <span class='ocrx_word' id='word_1_30' title='bbox 555 382 646 441; x_wconf 81' lang='lat' dir='ltr'><strong>singula</strong></span> <span class='ocrx_word' id='word_1_31' title='bbox 660 383 731 427; x_wconf 88' lang='lat' dir='ltr'><strong>etiam</strong></span> <span class='ocrx_word' id='word_1_32' title='bbox 747 382 842 426; x_wconf 87' lang='lat' dir='ltr'><strong>minima</strong></span> 
     </span>
    </p>
   </div>
   <div class='ocr_carea' id='block_1_4' title="bbox 80 455 690 517">
    <p class='ocr_par' dir='ltr' id='par_1_4' title="bbox 80 455 690 517">
     <span class='ocr_line' id='line_1_5' title="bbox 80 455 690 517; baseline 0.003 -17"><span class='ocrx_word' id='word_1_33' title='bbox 80 461 207 510; x_wconf 76' lang='lat' dir='ltr'>curantem,</span> <span class='ocrx_word' id='word_1_34' title='bbox 220 455 320 515; x_wconf 87' lang='lat' dir='ltr'><strong>denique</strong></span> <span class='ocrx_word' id='word_1_35' title='bbox 332 461 477 502; x_wconf 78' lang='lat' dir='ltr'><strong>constantem</strong></span> <span class='ocrx_word' id='word_1_36' title='bbox 488 456 596 502; x_wconf 85' lang='lat' dir='ltr'><strong>adfinem</strong></span> <span class='ocrx_word' id='word_1_37' title='bbox 608 462 690 517; x_wconf 82' lang='lat' dir='ltr'><strong>usque.</strong></span> 
     </span>
    </p>
   </div>
   <div class='ocr_carea' id='block_1_5' title="bbox 82 529 840 666">
    <p class='ocr_par' dir='ltr' id='par_1_5' title="bbox 82 529 840 666">
     <span class='ocr_line' id='line_1_6' title="bbox 110 529 840 591; baseline -0.001 -13"><span class='ocrx_word' id='word_1_38' title='bbox 110 530 263 591; x_wconf 70' lang='lat' dir='ltr'>colloquium.</span> <span class='ocrx_word' id='word_1_39' title='bbox 277 529 340 576; x_wconf 84' lang='lat' dir='ltr'><strong>Offer</strong></span> <span class='ocrx_word' id='word_1_40' title='bbox 353 537 376 577; x_wconf 90' lang='lat' dir='ltr'><strong>te</strong></span> <span class='ocrx_word' id='word_1_41' title='bbox 393 531 469 590; x_wconf 85' lang='lat' dir='ltr'><strong>ipsum</strong></span> <span class='ocrx_word' id='word_1_42' title='bbox 482 536 557 577; x_wconf 90' lang='lat' dir='ltr'><strong>totum</strong></span> <span class='ocrx_word' id='word_1_43' title='bbox 570 547 575 577; x_wconf 90' lang='lat'>:</span> <span class='ocrx_word' id='word_1_44' title='bbox 586 532 701 580; x_wconf 80' lang='lat' dir='ltr'><strong>Paratum</strong></span> <span class='ocrx_word' id='word_1_45' title='bbox 711 545 750 576; x_wconf 82' lang='lat' dir='ltr'><strong>cor</strong></span> <span class='ocrx_word' id='word_1_46' title='bbox 760 544 840 587; x_wconf 71' lang='lat' dir='ltr'><strong>uiuum,</strong></span> 
     </span>
     <span class='ocr_line' id='line_1_7' title="bbox 82 606 450 666; baseline 0 -15"><span class='ocrx_word' id='word_1_47' title='bbox 82 606 149 660; x_wconf 76' lang='lat' dir='ltr'><strong>Deris,</strong></span> <span class='ocrx_word' id='word_1_48' title='bbox 158 611 271 665; x_wconf 77' lang='lat' dir='ltr'><strong>puratum</strong></span> <span class='ocrx_word' id='word_1_49' title='bbox 281 620 319 651; x_wconf 83' lang='lat' dir='ltr'><strong>cor</strong></span> <span class='ocrx_word' id='word_1_50' title='bbox 328 619 400 652; x_wconf 82' lang='lat' dir='ltr'><strong>meunt</strong></span> <span class='ocrx_word' id='word_1_51' title='bbox 412 606 450 666; x_wconf 81' lang='lat' dir='ltr'><strong>(l).</strong></span> 
     </span>
    </p>
   </div>
   <div class='ocr_carea' id='block_1_6' title="bbox 109 763 709 1021">
    <p class='ocr_par' dir='ltr' id='par_1_6' title="bbox 109 763 709 1021">
     <span class='ocr_line' id='line_1_8' title="bbox 354 763 611 818; baseline 0 -8"><span class='ocrx_word' id='word_1_52' title='bbox 354 766 383 811; x_wconf 93' lang='lat' dir='ltr'><strong>ll.</strong></span> <span class='ocrx_word' id='word_1_53' title='bbox 400 763 570 818; x_wconf 81' lang='lat' dir='ltr'><strong>lllEDITATIO.</strong></span> <span class='ocrx_word' id='word_1_54' title='bbox 610 783 611 786; x_wconf 43' lang='lat'>¹</span> 
     </span>
     <span class='ocr_line' id='line_1_9' title="bbox 213 864 709 925; baseline -0.002 -13"><span class='ocrx_word' id='word_1_55' title='bbox 213 865 359 925; x_wconf 76' lang='lat' dir='ltr'><strong>Prteperctlo</strong></span> <span class='ocrx_word' id='word_1_56' title='bbox 371 865 474 925; x_wconf 77' lang='lat' dir='ltr'><strong>specialis</strong></span> <span class='ocrx_word' id='word_1_57' title='bbox 484 864 513 911; x_wconf 84' lang='lat' dir='ltr'><strong>ad</strong></span> <span class='ocrx_word' id='word_1_58' title='bbox 524 865 568 912; x_wconf 81' lang='lat' dir='ltr'><strong>ltoec</strong></span> <span class='ocrx_word' id='word_1_59' title='bbox 580 865 709 913; x_wconf 79' lang='lat' dir='ltr'><strong>Eacrcttlu.</strong></span> 
     </span>
     <span class='ocr_line' id='line_1_10' title="bbox 109 980 448 1021; baseline 0.003 -3"><span class='ocrx_word' id='word_1_60' title='bbox 109 980 209 1020; x_wconf 72' lang='lat' dir='ltr'><strong>Pentadio</strong></span> <span class='ocrx_word' id='word_1_61' title='bbox 219 986 242 1019; x_wconf 83' lang='lat' dir='ltr'><strong>at</strong></span> <span class='ocrx_word' id='word_1_62' title='bbox 251 983 273 1019; x_wconf 77' lang='lat' dir='ltr'><strong>tu</strong></span> <span class='ocrx_word' id='word_1_63' title='bbox 283 982 300 1021; x_wconf 84' lang='lat'><strong>1.</strong></span> <span class='ocrx_word' id='word_1_64' title='bbox 311 983 448 1020; x_wconf 77' lang='lat' dir='ltr'><strong>dt&#39;editutioue.</strong></span> 
     </span>
    </p>
   </div>
   <div class='ocr_carea' id='block_1_7' title="bbox 82 1085 844 1223">
    <p class='ocr_par' dir='ltr' id='par_1_7' title="bbox 82 1085 844 1223">
     <span class='ocr_line' id='line_1_11' title="bbox 113 1085 844 1148; baseline 0.004 -17"><span class='ocrx_word' id='word_1_65' title='bbox 113 1086 228 1133; x_wconf 82' lang='lat' dir='ltr'><strong>Puucruru</strong></span> <span class='ocrx_word' id='word_1_66' title='bbox 241 1087 259 1132; x_wconf 91' lang='lat' dir='ltr'><strong>l.</strong></span> <span class='ocrx_word' id='word_1_67' title='bbox 271 1113 298 1122; x_wconf 92' lang='lat'><em>-</em></span> <span class='ocrx_word' id='word_1_68' title='bbox 311 1086 374 1133; x_wconf 87' lang='lat' dir='ltr'><strong>Finis</strong></span> <span class='ocrx_word' id='word_1_69' title='bbox 385 1085 510 1148; x_wconf 84' lang='lat' dir='ltr'><strong>peculiaris</strong></span> <span class='ocrx_word' id='word_1_70' title='bbox 519 1086 543 1132; x_wconf 90' lang='lat' dir='ltr'><strong>in</strong></span> <span class='ocrx_word' id='word_1_71' title='bbox 561 1085 597 1133; x_wconf 92' lang='lat' dir='ltr'><strong>his</strong></span> <span class='ocrx_word' id='word_1_72' title='bbox 611 1085 737 1133; x_wconf 72' lang='lat' dir='ltr'><strong>menstruis</strong></span> <span class='ocrx_word' id='word_1_73' title='bbox 749 1086 844 1134; x_wconf 81' lang='lat' dir='ltr'><strong>Exerci-</strong></span> 
     </span>
     <span class='ocr_line' id='line_1_12' title="bbox 82 1161 844 1223; baseline 0.004 -17"><span class='ocrx_word' id='word_1_74' title='bbox 82 1162 122 1207; x_wconf 85' lang='lat' dir='ltr'><strong>tiis</strong></span> <span class='ocrx_word' id='word_1_75' title='bbox 133 1162 295 1219; x_wconf 76' lang='lat' dir='ltr'><strong>intendendae,</strong></span> <span class='ocrx_word' id='word_1_76' title='bbox 308 1169 343 1208; x_wconf 87' lang='lat' dir='ltr'><strong>est</strong></span> <span class='ocrx_word' id='word_1_77' title='bbox 356 1162 448 1223; x_wconf 76' lang='lat' dir='ltr'><strong>triplex.</strong></span> <span class='ocrx_word' id='word_1_78' title='bbox 461 1163 551 1208; x_wconf 81' lang='lat' dir='ltr'><strong>Primus</strong></span> <span class='ocrx_word' id='word_1_79' title='bbox 564 1167 600 1207; x_wconf 91' lang='lat' dir='ltr'><strong>est</strong></span> <span class='ocrx_word' id='word_1_80' title='bbox 617 1162 679 1208; x_wconf 81' lang='lat' dir='ltr'><strong>uiam</strong></span> <span class='ocrx_word' id='word_1_81' title='bbox 696 1161 844 1222; x_wconf 82' lang='lat' dir='ltr'><strong>perfectionis</strong></span> 
     </span>
    </p>
   </div>
   <div class='ocr_carea' id='block_1_8' title="bbox 9 1237 845 1298">
    <p class='ocr_par' dir='ltr' id='par_1_8' title="bbox 9 1237 845 1298">
     <span class='ocr_line' id='line_1_13' title="bbox 9 1237 845 1298; baseline 0.001 -16"><span class='ocrx_word' id='word_1_82' title='bbox 9 1266 10 1269; x_wconf 58' lang='lat'><em>=</em></span> <span class='ocrx_word' id='word_1_83' title='bbox 83 1238 143 1282; x_wconf 88' lang='lat' dir='ltr'><strong>serio</strong></span> <span class='ocrx_word' id='word_1_84' title='bbox 161 1237 258 1296; x_wconf 79' lang='lat' dir='ltr'><strong>ingredi,</strong></span> <span class='ocrx_word' id='word_1_85' title='bbox 271 1238 416 1298; x_wconf 88' lang='lat' dir='ltr'><strong>procurando</strong></span> <span class='ocrx_word' id='word_1_86' title='bbox 432 1237 475 1284; x_wconf 82' lang='lat' dir='ltr'><strong>sibi</strong></span> <span class='ocrx_word' id='word_1_87' title='bbox 488 1237 637 1284; x_wconf 80' lang='lat' dir='ltr'><strong>coiisoientiae</strong></span> <span class='ocrx_word' id='word_1_88' title='bbox 655 1238 805 1283; x_wconf 88' lang='lat' dir='ltr'><strong>securitatem</strong></span> <span class='ocrx_word' id='word_1_89' title='bbox 821 1243 845 1283; x_wconf 91' lang='lat' dir='ltr'><strong>et</strong></span> 
     </span>
    </p>
   </div>
   <div class='ocr_carea' id='block_1_9' title="bbox 83 1310 849 2578">
    <p class='ocr_par' dir='ltr' id='par_1_9' title="bbox 83 1310 799 1372">
     <span class='ocr_line' id='line_1_14' title="bbox 83 1310 799 1372; baseline -0.003 -15"><span class='ocrx_word' id='word_1_90' title='bbox 83 1311 275 1371; x_wconf 72' lang='lat' dir='ltr'><strong>tranquillitatem</strong></span> <span class='ocrx_word' id='word_1_91' title='bbox 285 1325 326 1372; x_wconf 87' lang='lat' dir='ltr'><strong>per</strong></span> <span class='ocrx_word' id='word_1_92' title='bbox 339 1312 505 1359; x_wconf 86' lang='lat' dir='ltr'><strong>contessionem</strong></span> <span class='ocrx_word' id='word_1_93' title='bbox 517 1310 648 1371; x_wconf 80' lang='lat' dir='ltr'><strong>generalem</strong></span> <span class='ocrx_word' id='word_1_94' title='bbox 657 1317 799 1357; x_wconf 86' lang='lat' dir='ltr'><strong>accuratam.</strong></span> 
     </span>
    </p>

    <p class='ocr_par' dir='ltr' id='par_1_10' title="bbox 83 1385 847 1741">
     <span class='ocr_line' id='line_1_15' title="bbox 113 1385 845 1447; baseline -0.001 -15"><span class='ocrx_word' id='word_1_95' title='bbox 113 1386 232 1433; x_wconf 85' lang='lat' dir='ltr'><strong>Secundus</strong></span> <span class='ocrx_word' id='word_1_96' title='bbox 242 1392 277 1433; x_wconf 92' lang='lat' dir='ltr'><strong>est</strong></span> <span class='ocrx_word' id='word_1_97' title='bbox 292 1400 359 1434; x_wconf 89' lang='lat' dir='ltr'><strong>nosse</strong></span> <span class='ocrx_word' id='word_1_98' title='bbox 370 1392 393 1433; x_wconf 90' lang='lat' dir='ltr'><strong>et</strong></span> <span class='ocrx_word' id='word_1_99' title='bbox 405 1386 471 1447; x_wconf 85' lang='lat' dir='ltr'><strong>sequi</strong></span> <span class='ocrx_word' id='word_1_100' title='bbox 483 1392 532 1433; x_wconf 92' lang='lat' dir='ltr'><strong>tum</strong></span> <span class='ocrx_word' id='word_1_101' title='bbox 546 1386 711 1446; x_wconf 78' lang='lat' dir='ltr'><strong>perfectionem</strong></span> <span class='ocrx_word' id='word_1_102' title='bbox 721 1385 845 1447; x_wconf 89' lang='lat' dir='ltr'><strong>specialem</strong></span> 
     </span>
     <span class='ocr_line' id='line_1_16' title="bbox 84 1461 846 1523; baseline 0 -16"><span class='ocrx_word' id='word_1_103' title='bbox 84 1461 156 1507; x_wconf 86' lang='lat' dir='ltr'><strong>nostri</strong></span> <span class='ocrx_word' id='word_1_104' title='bbox 175 1462 277 1523; x_wconf 88' lang='lat' dir='ltr'><strong>instituti</strong></span> <span class='ocrx_word' id='word_1_105' title='bbox 290 1469 313 1508; x_wconf 92' lang='lat' dir='ltr'><strong>et</strong></span> <span class='ocrx_word' id='word_1_106' title='bbox 332 1465 416 1518; x_wconf 83' lang='lat' dir='ltr'><strong>status,</strong></span> <span class='ocrx_word' id='word_1_107' title='bbox 426 1470 475 1508; x_wconf 90' lang='lat' dir='ltr'><strong>tum</strong></span> <span class='ocrx_word' id='word_1_108' title='bbox 493 1461 634 1522; x_wconf 86' lang='lat' dir='ltr'><strong>peculiarem</strong></span> <span class='ocrx_word' id='word_1_109' title='bbox 650 1461 750 1520; x_wconf 83' lang='lat' dir='ltr'><strong>Spiritus</strong></span> <span class='ocrx_word' id='word_1_110' title='bbox 766 1462 846 1507; x_wconf 87' lang='lat' dir='ltr'><strong>Sancti</strong></span> 
     </span>
     <span class='ocr_line' id='line_1_17' title="bbox 83 1534 846 1596; baseline 0 -14"><span class='ocrx_word' id='word_1_111' title='bbox 83 1537 229 1583; x_wconf 89' lang='lat' dir='ltr'><strong>vocationem</strong></span> <span class='ocrx_word' id='word_1_112' title='bbox 240 1542 264 1583; x_wconf 91' lang='lat' dir='ltr'><strong>et</strong></span> <span class='ocrx_word' id='word_1_113' title='bbox 273 1536 417 1589; x_wconf 73' lang='lat' dir='ltr'><strong>instinctum,</strong></span> <span class='ocrx_word' id='word_1_114' title='bbox 431 1534 587 1596; x_wconf 80' lang='lat' dir='ltr'><strong>quosingnlos</strong></span> <span class='ocrx_word' id='word_1_115' title='bbox 600 1535 671 1581; x_wconf 88' lang='lat' dir='ltr'><strong>trahit</strong></span> <span class='ocrx_word' id='word_1_116' title='bbox 684 1542 706 1580; x_wconf 92' lang='lat' dir='ltr'><strong>et</strong></span> <span class='ocrx_word' id='word_1_117' title='bbox 716 1537 846 1582; x_wconf 71' lang='lat' dir='ltr'><strong>movetdd</strong></span> 
     </span>
     <span class='ocr_line' id='line_1_18' title="bbox 85 1610 847 1672; baseline -0.001 -15"><span class='ocrx_word' id='word_1_118' title='bbox 85 1611 147 1672; x_wconf 85' lang='lat' dir='ltr'><strong>quod</strong></span> <span class='ocrx_word' id='word_1_119' title='bbox 160 1612 243 1671; x_wconf 87' lang='lat' dir='ltr'><strong>juvant</strong></span> <span class='ocrx_word' id='word_1_120' title='bbox 258 1612 422 1663; x_wconf 82' lang='lat' dir='ltr'><strong>meditationes</strong></span> <span class='ocrx_word' id='word_1_121' title='bbox 439 1619 462 1658; x_wconf 93' lang='lat' dir='ltr'><strong>et</strong></span> <span class='ocrx_word' id='word_1_122' title='bbox 480 1611 600 1668; x_wconf 89' lang='lat' dir='ltr'><strong>lectiones,</strong></span> <span class='ocrx_word' id='word_1_123' title='bbox 612 1610 762 1657; x_wconf 87' lang='lat' dir='ltr'><strong>illuminando</strong></span> <span class='ocrx_word' id='word_1_124' title='bbox 774 1610 847 1657; x_wconf 88' lang='lat' dir='ltr'><strong>intel-</strong></span> 
     </span>
     <span class='ocr_line' id='line_1_19' title="bbox 85 1686 470 1741; baseline 0.003 -10"><span class='ocrx_word' id='word_1_125' title='bbox 85 1686 179 1741; x_wconf 83' lang='lat' dir='ltr'><strong>lectum,</strong></span> <span class='ocrx_word' id='word_1_126' title='bbox 194 1686 340 1733; x_wconf 87' lang='lat' dir='ltr'><strong>accendendo</strong></span> <span class='ocrx_word' id='word_1_127' title='bbox 353 1687 470 1733; x_wconf 87' lang='lat' dir='ltr'><strong>affectum.</strong></span> 
     </span>
    </p>

    <p class='ocr_par' dir='ltr' id='par_1_11' title="bbox 85 1759 848 2274">
     <span class='ocr_line' id='line_1_20' title="bbox 115 1759 846 1821; baseline 0.003 -15"><span class='ocrx_word' id='word_1_128' title='bbox 115 1761 207 1807; x_wconf 85' lang='lat' dir='ltr'><strong>Tertius</strong></span> <span class='ocrx_word' id='word_1_129' title='bbox 213 1761 243 1807; x_wconf 91' lang='lat' dir='ltr'><strong>ad</strong></span> <span class='ocrx_word' id='word_1_130' title='bbox 252 1767 378 1821; x_wconf 88' lang='lat' dir='ltr'><strong>utrumque</strong></span> <span class='ocrx_word' id='word_1_131' title='bbox 391 1760 485 1807; x_wconf 88' lang='lat' dir='ltr'><strong>tendere</strong></span> <span class='ocrx_word' id='word_1_132' title='bbox 496 1759 621 1821; x_wconf 85' lang='lat' dir='ltr'><strong>permedia</strong></span> <span class='ocrx_word' id='word_1_133' title='bbox 633 1765 696 1819; x_wconf 89' lang='lat' dir='ltr'><strong>apta,</strong></span> <span class='ocrx_word' id='word_1_134' title='bbox 709 1759 846 1808; x_wconf 86' lang='lat' dir='ltr'><strong>declinando</strong></span> 
     </span>
     <span class='ocr_line' id='line_1_21' title="bbox 85 1834 847 1894; baseline 0.001 -12"><span class='ocrx_word' id='word_1_135' title='bbox 85 1834 172 1882; x_wconf 87' lang='lat' dir='ltr'><strong>amalo</strong></span> <span class='ocrx_word' id='word_1_136' title='bbox 185 1836 255 1882; x_wconf 90' lang='lat' dir='ltr'><strong>etiam</strong></span> <span class='ocrx_word' id='word_1_137' title='bbox 268 1837 371 1892; x_wconf 82' lang='lat' dir='ltr'><strong>minimo,</strong></span> <span class='ocrx_word' id='word_1_138' title='bbox 384 1841 407 1882; x_wconf 90' lang='lat' dir='ltr'><strong>et</strong></span> <span class='ocrx_word' id='word_1_139' title='bbox 420 1835 526 1882; x_wconf 85' lang='lat' dir='ltr'><strong>faciende</strong></span> <span class='ocrx_word' id='word_1_140' title='bbox 536 1835 622 1881; x_wconf 87' lang='lat' dir='ltr'><strong>bonum</strong></span> <span class='ocrx_word' id='word_1_141' title='bbox 634 1834 670 1880; x_wconf 87' lang='lat' dir='ltr'><strong>vel</strong></span> <span class='ocrx_word' id='word_1_142' title='bbox 684 1834 821 1894; x_wconf 75' lang='lat' dir='ltr'><strong>inanimum3</strong></span> <span class='ocrx_word' id='word_1_143' title='bbox 833 1851 847 1883; x_wconf 90' lang='lat' dir='ltr'><strong>a</strong></span> 
     </span>
     <span class='ocr_line' id='line_1_22' title="bbox 85 1909 847 1973; baseline 0.003 -17"><span class='ocrx_word' id='word_1_144' title='bbox 85 1910 188 1957; x_wconf 90' lang='lat' dir='ltr'><strong>minimis</strong></span> <span class='ocrx_word' id='word_1_145' title='bbox 200 1911 339 1971; x_wconf 83' lang='lat' dir='ltr'><strong>incipiendo,</strong></span> <span class='ocrx_word' id='word_1_146' title='bbox 355 1915 378 1957; x_wconf 88' lang='lat' dir='ltr'><strong>et</strong></span> <span class='ocrx_word' id='word_1_147' title='bbox 388 1911 518 1973; x_wconf 81' lang='lat' dir='ltr'><strong>praesertim</strong></span> <span class='ocrx_word' id='word_1_148' title='bbox 528 1912 631 1957; x_wconf 86' lang='lat' dir='ltr'><strong>actiones</strong></span> <span class='ocrx_word' id='word_1_149' title='bbox 643 1909 773 1957; x_wconf 85' lang='lat' dir='ltr'><strong>ordinarias</strong></span> <span class='ocrx_word' id='word_1_150' title='bbox 785 1916 847 1958; x_wconf 88' lang='lat' dir='ltr'><strong>recte</strong></span> 
     </span>
     <span class='ocr_line' id='line_1_23' title="bbox 86 1985 847 2047; baseline 0.003 -16"><span class='ocrx_word' id='word_1_151' title='bbox 86 1985 204 2042; x_wconf 83' lang='lat' dir='ltr'><strong>obeundo;</strong></span> <span class='ocrx_word' id='word_1_152' title='bbox 217 1986 300 2047; x_wconf 85' lang='lat' dir='ltr'><strong>quibus</strong></span> <span class='ocrx_word' id='word_1_153' title='bbox 313 1986 449 2043; x_wconf 83' lang='lat' dir='ltr'><strong>inserviunt,</strong></span> <span class='ocrx_word' id='word_1_154' title='bbox 459 1991 509 2033; x_wconf 87' lang='lat' dir='ltr'><strong>tum</strong></span> <span class='ocrx_word' id='word_1_155' title='bbox 521 1986 726 2041; x_wconf 87' lang='lat' dir='ltr'><strong>considerationes,</strong></span> <span class='ocrx_word' id='word_1_156' title='bbox 734 1999 786 2046; x_wconf 77' lang='lat' dir='ltr'><strong>quae</strong></span> <span class='ocrx_word' id='word_1_157' title='bbox 795 1986 847 2033; x_wconf 89' lang='lat' dir='ltr'><strong>illas</strong></span> 
     </span>
     <span class='ocr_line' id='line_1_24' title="bbox 87 2061 846 2123; baseline 0.005 -19"><span class='ocrx_word' id='word_1_158' title='bbox 87 2065 149 2105; x_wconf 90' lang='lat' dir='ltr'><strong>recte</strong></span> <span class='ocrx_word' id='word_1_159' title='bbox 162 2061 277 2119; x_wconf 83' lang='lat' dir='ltr'><strong>ordinant,</strong></span> <span class='ocrx_word' id='word_1_160' title='bbox 292 2062 371 2123; x_wconf 87' lang='lat' dir='ltr'><strong>eisque</strong></span> <span class='ocrx_word' id='word_1_161' title='bbox 383 2062 477 2109; x_wconf 89' lang='lat' dir='ltr'><strong>modum</strong></span> <span class='ocrx_word' id='word_1_162' title='bbox 490 2061 651 2122; x_wconf 73' lang='lat' dir='ltr'><strong>praescrihunt</strong></span> <span class='ocrx_word' id='word_1_163' title='bbox 664 2067 714 2106; x_wconf 87' lang='lat' dir='ltr'><strong>tum</strong></span> <span class='ocrx_word' id='word_1_164' title='bbox 728 2063 846 2120; x_wconf 85' lang='lat' dir='ltr'><strong>examina,</strong></span> 
     </span>
     <span class='ocr_line' id='line_1_25' title="bbox 88 2135 848 2198; baseline 0.004 -18"><span class='ocrx_word' id='word_1_165' title='bbox 88 2148 140 2195; x_wconf 81' lang='lat' dir='ltr'><strong>quae</strong></span> <span class='ocrx_word' id='word_1_166' title='bbox 152 2135 203 2182; x_wconf 87' lang='lat' dir='ltr'><strong>illas</strong></span> <span class='ocrx_word' id='word_1_167' title='bbox 213 2136 242 2183; x_wconf 91' lang='lat' dir='ltr'><strong>ad</strong></span> <span class='ocrx_word' id='word_1_168' title='bbox 255 2137 455 2197; x_wconf 75' lang='lat' dir='ltr'><strong>regulasexignnt</strong></span> <span class='ocrx_word' id='word_1_169' title='bbox 464 2138 604 2198; x_wconf 86' lang='lat' dir='ltr'><strong>pariuntque</strong></span> <span class='ocrx_word' id='word_1_170' title='bbox 615 2136 788 2183; x_wconf 90' lang='lat' dir='ltr'><strong>assuetudinem</strong></span> <span class='ocrx_word' id='word_1_171' title='bbox 796 2137 848 2185; x_wconf 90' lang='lat' dir='ltr'><strong>illas</strong></span> 
     </span>
     <span class='ocr_line' id='line_1_26' title="bbox 88 2212 727 2274; baseline -0.002 -15"><span class='ocrx_word' id='word_1_172' title='bbox 88 2212 133 2259; x_wconf 88' lang='lat' dir='ltr'><strong>rite</strong></span> <span class='ocrx_word' id='word_1_173' title='bbox 144 2212 250 2269; x_wconf 85' lang='lat' dir='ltr'><strong>obeundi,</strong></span> <span class='ocrx_word' id='word_1_174' title='bbox 262 2215 392 2273; x_wconf 66' lang='lat' dir='ltr'><strong>prasertim</strong></span> <span class='ocrx_word' id='word_1_175' title='bbox 405 2214 502 2273; x_wconf 82' lang='lat' dir='ltr'><strong>longiori</strong></span> <span class='ocrx_word' id='word_1_176' title='bbox 513 2212 624 2274; x_wconf 85' lang='lat' dir='ltr'><strong>temporis</strong></span> <span class='ocrx_word' id='word_1_177' title='bbox 634 2212 727 2272; x_wconf 59' lang='lat' dir='ltr'><strong>spatio(</strong></span> 
     </span>
    </p>

    <p class='ocr_par' dir='ltr' id='par_1_12' title="bbox 88 2287 848 2426">
     <span class='ocr_line' id='line_1_27' title="bbox 118 2287 848 2349; baseline 0.001 -15"><span class='ocrx_word' id='word_1_178' title='bbox 118 2289 173 2334; x_wconf 80' lang='lat' dir='ltr'><strong>Haec</strong></span> <span class='ocrx_word' id='word_1_179' title='bbox 188 2288 234 2336; x_wconf 89' lang='lat' dir='ltr'><strong>tria</strong></span> <span class='ocrx_word' id='word_1_180' title='bbox 250 2290 342 2336; x_wconf 91' lang='lat' dir='ltr'><strong>assidue</strong></span> <span class='ocrx_word' id='word_1_181' title='bbox 359 2302 406 2349; x_wconf 81' lang='lat' dir='ltr'><strong>prae</strong></span> <span class='ocrx_word' id='word_1_182' title='bbox 419 2290 490 2336; x_wconf 88' lang='lat' dir='ltr'><strong>oeulis</strong></span> <span class='ocrx_word' id='word_1_183' title='bbox 504 2290 571 2345; x_wconf 82' lang='lat' dir='ltr'><strong>habe,</strong></span> <span class='ocrx_word' id='word_1_184' title='bbox 584 2290 630 2335; x_wconf 77' lang='lat' dir='ltr'><strong>doec</strong></span> <span class='ocrx_word' id='word_1_185' title='bbox 647 2287 801 2345; x_wconf 66' lang='lat' dir='ltr'><strong>meditarent</strong></span> <span class='ocrx_word' id='word_1_186' title='bbox 813 2288 848 2337; x_wconf 77' lang='lat' dir='ltr'><strong>ta</strong></span> 
     </span>
     <span class='ocr_line' id='line_1_28' title="bbox 88 2364 712 2426; baseline 0 -15"><span class='ocrx_word' id='word_1_187' title='bbox 88 2371 141 2420; x_wconf 80' lang='lat' dir='ltr'><strong>esto,</strong></span> <span class='ocrx_word' id='word_1_188' title='bbox 152 2371 178 2411; x_wconf 86' lang='lat' dir='ltr'><strong>ut</strong></span> <span class='ocrx_word' id='word_1_189' title='bbox 188 2364 302 2424; x_wconf 71' lang='lat' dir='ltr'><strong>profectus</strong></span> <span class='ocrx_word' id='word_1_190' title='bbox 314 2372 365 2412; x_wconf 80' lang='lat' dir='ltr'><strong>tuus</strong></span> <span class='ocrx_word' id='word_1_191' title='bbox 377 2366 510 2426; x_wconf 73' lang='lat' dir='ltr'><strong>inultisestus</strong></span> <span class='ocrx_word' id='word_1_192' title='bbox 524 2366 554 2412; x_wconf 79' lang='lat' dir='ltr'><strong>stt</strong></span> <span class='ocrx_word' id='word_1_193' title='bbox 564 2364 665 2412; x_wconf 81' lang='lat' dir='ltr'><strong>entaldus</strong></span> <span class='ocrx_word' id='word_1_194' title='bbox 675 2364 712 2425; x_wconf 74' lang='lat'>(2).</span> 
     </span>
    </p>

    <p class='ocr_par' dir='ltr' id='par_1_13' title="bbox 89 2441 849 2578">
     <span class='ocr_line' id='line_1_29' title="bbox 119 2441 849 2501; baseline 0.001 -14"><span class='ocrx_word' id='word_1_195' title='bbox 119 2442 242 2488; x_wconf 85' lang='lat' dir='ltr'><strong>Puucruu.</strong></span> <span class='ocrx_word' id='word_1_196' title='bbox 265 2442 292 2488; x_wconf 88' lang='lat' dir='ltr'><strong>lI.</strong></span> <span class='ocrx_word' id='word_1_197' title='bbox 316 2468 346 2476; x_wconf 96' lang='lat'><em>-</em></span> <span class='ocrx_word' id='word_1_198' title='bbox 368 2442 454 2489; x_wconf 88' lang='lat' dir='ltr'><strong>lllotiva</strong></span> <span class='ocrx_word' id='word_1_199' title='bbox 474 2443 503 2490; x_wconf 92' lang='lat' dir='ltr'><strong>ad</strong></span> <span class='ocrx_word' id='word_1_200' title='bbox 529 2442 579 2490; x_wconf 83' lang='lat' dir='ltr'><strong>haee</strong></span> <span class='ocrx_word' id='word_1_201' title='bbox 607 2441 723 2487; x_wconf 80' lang='lat' dir='ltr'><strong>Exercitia</strong></span> <span class='ocrx_word' id='word_1_202' title='bbox 747 2442 849 2501; x_wconf 85' lang='lat' dir='ltr'><strong>perfecte</strong></span> 
     </span>
     <span class='ocr_line' id='line_1_30' title="bbox 89 2517 846 2578; baseline 0.003 -15"><span class='ocrx_word' id='word_1_203' title='bbox 89 2517 194 2563; x_wconf 90' lang='lat' dir='ltr'><strong>obeunda</strong></span> <span class='ocrx_word' id='word_1_204' title='bbox 206 2517 273 2564; x_wconf 83' lang='lat' dir='ltr'><strong>valde</strong></span> <span class='ocrx_word' id='word_1_205' title='bbox 285 2518 391 2578; x_wconf 79' lang='lat' dir='ltr'><strong>urgentia</strong></span> <span class='ocrx_word' id='word_1_206' title='bbox 403 2526 456 2565; x_wconf 87' lang='lat' dir='ltr'><strong>sunt</strong></span> <span class='ocrx_word' id='word_1_207' title='bbox 471 2519 529 2566; x_wconf 72' lang='lat' dir='ltr'><strong>haec.</strong></span> <span class='ocrx_word' id='word_1_208' title='bbox 543 2518 645 2564; x_wconf 89' lang='lat' dir='ltr'><strong>Primum</strong></span> <span class='ocrx_word' id='word_1_209' title='bbox 659 2532 664 2562; x_wconf 75' lang='grc' dir='ltr'><em>ι</em></span> <span class='ocrx_word' id='word_1_210' title='bbox 676 2518 725 2577; x_wconf 74' lang='lat' dir='ltr'><strong>jam</strong></span> <span class='ocrx_word' id='word_1_211' title='bbox 738 2518 846 2575; x_wconf 87' lang='lat' dir='ltr'><strong>mediam,</strong></span> 
     </span>
    </p>
   </div>
   <div class='ocr_carea' id='block_1_10' title="bbox 112 2684 671 2730">
    <p class='ocr_par' dir='ltr' id='par_1_14' title="bbox 112 2684 671 2730">
     <span class='ocr_line' id='line_1_31' title="bbox 112 2684 671 2730; baseline -0.005 -7"><span class='ocrx_word' id='word_1_212' title='bbox 112 2685 140 2730; x_wconf 85' lang='lat' dir='ltr'><strong>(l)</strong></span> <span class='ocrx_word' id='word_1_213' title='bbox 149 2684 217 2722; x_wconf 85' lang='lat' dir='ltr'><strong>Psalm.</strong></span> <span class='ocrx_word' id='word_1_214' title='bbox 228 2694 258 2721; x_wconf 80' lang='lat' dir='ltr'><strong>nvi</strong></span> <span class='ocrx_word' id='word_1_215' title='bbox 501 2685 529 2726; x_wconf 70' lang='lat' dir='ltr'><strong>[tl</strong></span> <span class='ocrx_word' id='word_1_216' title='bbox 538 2685 546 2722; x_wconf 94' lang='lat' dir='ltr'><strong>l</strong></span> <span class='ocrx_word' id='word_1_217' title='bbox 556 2684 635 2723; x_wconf 77' lang='lat' dir='ltr'><strong>Timoth.</strong></span> <span class='ocrx_word' id='word_1_218' title='bbox 644 2695 671 2720; x_wconf 82' lang='lat' dir='ltr'><strong>iv.</strong></span> 
     </span>
    </p>
   </div>
   <div class='ocr_carea' id='block_1_11' title="bbox 0 0 874 2812">
    <p class='ocr_par' dir='ltr' id='par_1_15' title="bbox 0 0 874 2812">
     <span class='ocr_line' id='line_1_32' title="bbox 0 0 874 2812; baseline 0 0"><span class='ocrx_word' id='word_1_219' title='bbox 0 0 874 2812; x_wconf 95' lang='lat' dir='ltr'><strong> </strong></span> 
     </span>
    </p>
   </div>
  </div>
 </body>
</html>
