1715 2908
32 92 81 142 154
250 105 306 141 oms
328 105 445 142 nummos¹
466 105 575 147 orturus

31 218 108 251 neum.
119 203 180 263 Quid
190 203 251 251 enim
264 204 364 265 aequiro,
376 217 446 266 qoam
458 208 590 251 ereaturam
603 204 707 252 Creatori
715 204 793 264 subdi,

30 282 81 341 ejus
97 281 211 327 voluntati
230 279 329 326 subdere
346 281 389 327 se?
406 282 454 341 rjus
471 280 551 340 gloriae
571 294 603 337 se,
618 293 710 341 suaque.
727 280 794 340 longe

30 357 184 417 posthabere;
198 359 224 402 2⁰
235 356 324 401 homini
336 369 424 403 summe
434 355 553 416 utile,'qni
564 355 668 402 ordinem
680 358 794 403 servando

31 438 137 479 servatur
154 432 183 477 ab
194 444 230 488 eo,
243 445 326 492 paoem
345 433 387 477 sibi
400 430 517 488 conciliat,
531 432 621 492 Deique
633 431 761 478 amicitiam
771 440 794 479 et

32 509 109 552 omnia
122 511 219 565 naturae,
233 508 315 565 gratiae
328 515 350 552 et
362 507 442 566 gloriae
451 505 512 553 bona
525 506 569 552 sihi
581 513 702 565 prorutam
715 509 740 551 3⁰
750 507 795 553 hoo

32 582 136 628 Christus
148 581 227 638 verbo,
240 586 263 626 et
280 581 340 626 laeto
357 582 443 636 docuit,
456 582 496 639 qui
513 580 643 640 neglectam
660 583 688 626 ab
704 582 794 629 Adamo

32 657 117 704 divinae
135 657 192 715 legis
206 657 379 702 observantiam
389 658 561 711 commendans,
573 657 703 704 huott'h'ooa't
714 663 794 704 samot-

31 731 114 790 ipsttm,
125 730 200 789 foetas
217 730 318 775 obediens
334 744 401 789 usque
414 729 444 775 orl
460 735 555 775 mortem
571 729 650 776 Creteis
659 731 702 790 {ll3
714 733 740 776 4⁰
750 732 794 777 hoo

32 806 106 851 saneti
119 810 244 863 martyres,
259 804 297 863 qui
309 818 350 863 pro
363 803 413 863 lege
427 804 469 847 Dei
486 804 521 848 sui
537 810 657 850 certarunt
675 818 748 865 usque
764 806 794 851 ad

32 886 139 925 mortem.
156 880 207 924 Hoc
217 891 296 924 omnes
309 879 387 924 Sancti
399 884 421 923 et
432 879 523 924 Sanotae
534 878 585 934 Dei,
600 880 639 940 qui
650 880 762 926 mundum
771 885 795 926 et

32 957 110 1002 omnia
121 955 272 1016 reliquerunt,
286 968 337 1001 sese
350 954 521 1011 erucifixerunt,
532 961 556 1000 et
567 955 633 1002 vivos
644 956 793 1016 sepelierunt,

34 1039 58 1078 ut
71 1033 148 1079 omnia
159 1031 271 1094 peooandi
284 1030 386 1091 pericula
403 1031 538 1090 effugerent.
550 1024 635 1078 Recole
647 1032 792 1091 Benedietos‚

32 1109 168 1164 bernardus,
182 1108 325 1163 Francisoos
337 1121 350 1153 a
364 1120 433 1153 earne
445 1107 591 1161 sollieitatos‚
603 1113 710 1154 sanetum
724 1110 795 1169 lgna-

34 1186 92 1230 tium
109 1184 192 1244 gelidae
212 1183 355 1229 collotenus
375 1183 517 1237 immersum,
529 1188 554 1227 ut
572 1182 642 1228 alium
661 1197 674 1229 a
698 1193 793 1243 peceato

33 1261 126 1306 mortali
142 1261 270 1305 deterreret
284 1264 307 1303 et
326 1263 453 1313 averterem
468 1260 493 1302 50
514 1258 557 1304 hoo
580 1271 631 1305 esse
648 1260 677 1305 ad
696 1259 795 1307 salutem

33 1337 126 1380 omnino
144 1335 307 1379 necessarium.
321 1333 389 1389 Nam,
401 1333 421 1377 st'
435 1332 468 1376 ola
485 1332 514 1376 orl
533 1333 603 1377 ollam
621 1334 718 1393 attgredt',
730 1350 794 1389 serva

31 1409 141 1454 etmuloto
153 1407 189 1466 (2).
203 1407 232 1452 Et
245 1407 283 1465 qai
301 1413 361 1452 amat
380 1405 479 1451 urthern
491 1420 554 1451 suom
566 1407 704 1463 inordinate,
717 1410 795 1466 petulat

32 1498 80 1528 eum
94 1483 132 1542 (3).
144 1481 210 1528 Unde
222 1481 261 1527 hio
272 1481 359 1540 gradus
369 1480 497 1526 eommunis
514 1487 549 1526 est
560 1482 666 1526 omnibus
675 1483 717 1527 sub
729 1485 794 1542 signo

32 1560 117 1604 Christi
133 1558 259 1614 militibus3
272 1570 317 1616 quo
329 1557 369 1616 qui
380 1563 452 1611 earet,
466 1557 508 1601 suh
519 1556 610 1602 diabolo
621 1563 665 1602 est.
813 1607 815 1610 ,

62 1634 120 1678 Vide
134 1647 163 1678 an
174 1632 206 1677 sis
216 1633 241 1676 in
252 1645 279 1676 eo
290 1632 438 1687 constitutus,
452 1630 522 1691 idque
536 1630 630 1689 explora
646 1632 724 1678 dicens
742 1647 795 1680 oum

31 1706 142 1767 Apostolo
156 1705 227 1760 :Quis
240 1719 279 1751 hos
291 1704 404 1763 separabit
413 1719 428 1749 o
440 1705 551 1751 eltort'tote
565 1704 653 1751 Christi
666 1706 712 1764 ill?
725 1708 749 1753 Si
761 1708 795 1754 ita

32 1789 75 1839 est,
87 1782 175 1843 gratias
187 1782 235 1827 Deo
250 1794 301 1841 age,
314 1779 403 1841 tibique
422 1780 552 1841 gratulare3
566 1780 601 1825 sin
614 1781 697 1837 minus,
711 1795 795 1829 conare

31 1860 76 1905 huo
93 1857 220 1920 pervenire,
234 1858 270 1903 his
282 1857 412 1903 rationibus
425 1863 448 1902 et
462 1856 585 1903 Exercitiis
601 1858 682 1918 primae
700 1859 795 1907 Hebdo-

33 1937 209 1985 rnadaezsaltem
220 1936 272 1982 dole
288 1936 350 1997 quod
362 1949 407 1981 non
419 1948 510 1995 semper
518 1935 552 1981 ita
562 1935 702 1982 constitutus
714 1936 793 1984 fueris.

62 2015 179 2060 Potuerunt
191 2013 220 2058 Il.
232 2038 262 2046 -
274 2011 339 2057 Alter
356 2011 436 2057 modus
452 2010 592 2056 humilitatis
604 2015 647 2067 est,
662 2016 688 2057 ut
706 2012 740 2060 ita
758 2028 795 2060 me

34 2088 131 2135 subdam
146 2087 190 2146 legi
207 2088 292 2134 divinae
311 2082 352 2131 seu
370 2086 493 2144 voluntati,
507 2092 533 2131 ut
551 2085 630 2131 malim
644 2087 722 2133 omnia
740 2104 796 2149 per-

32 2164 94 2219 dere,
106 2163 143 2208 rel
159 2162 217 2223 pati,
237 2163 309 2208 etiam
324 2168 421 2207 mortem
441 2161 600 2222 turpissimam
616 2167 639 2207 et
660 2163 795 2210 erudelissi-

32 2250 102 2292 mam,
126 2229 195 2297 quam
217 2249 315 2297 peceare
339 2236 460 2281 venialiter
478 2235 613 2281 deliberate.
637 2238 670 2282 Ao
689 2239 715 2282 l⁰
739 2240 795 2300 quid

31 2312 122 2371 aequius
135 2318 158 2356 et
170 2311 255 2357 rationi
275 2309 423 2369 conformius,
435 2323 506 2370 quam
521 2316 547 2354 ut
563 2309 631 2355 homo
648 2325 677 2356 ne
699 2313 795 2360 minima

32 2386 126 2445 quidem
137 2386 161 2429 in
173 2399 198 2429 re
208 2385 251 2430 Dei
263 2391 292 2447 et·
300 2385 416 2430 Creatoris
431 2384 468 2429 sui
480 2384 562 2443 legem,
578 2391 617 2430 aut
630 2385 728 2444 gloriam
744 2388 795 2434 vio-

21 2458 81 2505 'let‘l
94 2457 282 2519 llinimaquippe
295 2458 337 2504 Dei
346 2458 426 2518 gloria,
440 2472 492 2504 cum
509 2457 552 2502 Dei
563 2456 648 2504 bonum
661 2459 699 2516 sit,
711 2461 795 2507 merito

54 2579 81 2623 (1)
91 2578 170 2623 Philipp.
179 2587 201 2613 11.
449 2576 475 2620 (3)
484 2568 537 2614 Joan',
548 2585 579 2610 nu.

55 2625 155 2672 (hillatth.
165 2631 204 2661 xixa
449 2622 475 2668 th)
485 2621 564 2660 Roman.
572 2629 611 2660 rut.
