1715 2908
54 190 103 240 190
288 204 345 240 orus
362 205 472 241 oncrnus
492 204 577 240 nouus

53 302 152 363 aliisque
169 306 250 361 sponte
264 300 357 356 oblatis,
372 303 412 347 sed
425 302 588 354 ita-tenuibus,
601 308 626 347 ut
645 303 689 349 iliis
700 317 761 363 saepe
771 317 811 348 ne·

53 377 155 423 cessaria
164 377 270 421 deessent
285 391 290 420 :
304 383 330 421 ut
340 391 393 422 cum
405 376 505 423 Sabbato
516 378 592 436 spicas
600 377 685 423 vellere
696 379 813 437 cogeban-

54 458 99 508 tur,
112 460 135 497 et
148 452 170 495 in
182 452 273 496 deserto
285 453 325 496 vix
336 459 434 511 quatuor
446 464 517 510 panes
531 451 672 498 hordeaceos
690 453 811 498 haherent

53 530 132 587 Neque
145 539 247 585 unquam
259 527 343 586 inopiae
359 525 455 585 propriae
465 526 576 572 miraculo
589 527 711 587 supplevit.
726 529 749 575 Si
761 527 811 587 spi-

53 603 123 647 ritum
135 600 219 647 Christi
233 600 312 657 habes,
325 614 424 661 eumque
440 601 535 648 cordate
554 603 666 662 sequeris,
680 616 777 663 sequere
788 603 812 648 in

53 678 96 724 hac
107 686 182 737 parte.
429 686 433 691 ’

82 755 198 799 Pnucrnn
207 752 246 797 ΠΙ.
261 778 288 786 -
306 753 385 797 Praxis
401 752 572 812 Apostolorum,
584 754 764 813 apostolicorum
774 756 812 801 ri-

53 836 162 874 rorumet
175 828 312 873 Sanctorum
323 834 463 880 nostrorum.
517 853 519 856 ⁴

82 905 105 947 i⁰
126 901 230 960 Apostoli
252 915 332 946 omnes
356 902 433 946 omnia
452 900 641 961 haec-praecepta
661 910 684 948 et
708 903 812 963 exempta

53 977 137 1023 Christi
155 981 264 1021 accurate
282 975 356 1020 secuti
373 980 435 1020 sunt.
455 975 493 1020 Sic
504 974 584 1034 instar
597 978 699 1021 omnium
718 978 811 1023 Paulus.

52 1051 170 1103 Habentes,
182 1050 268 1109 inquit,
280 1049 385 1094 oiirueotc
403 1054 424 1093 et
442 1048 521 1106 petitos
540 1054 650 1108 tepenter,
662 1051 696 1096 his
714 1052 811 1104 conteuti

51 1127 122 1171 sinetis
135 1125 176 1183 (ik
191 1129 298 1182 tanquam
310 1123 368 1167 trinu
380 1122 490 1175 dedentes,
504 1129 525 1168 et
537 1123 613 1168 omtee'o
625 1125 761 1183 possidentes
771 1127 809 1184 (ἓ),

53 1199 135 1244 Oneum
150 1198 308 1244 detrimentum
321 1196 372 1255 feci,
384 1203 404 1240 et
422 1197 526 1241 arbitror
542 1203 567 1242 ut
578 1203 688 1252 stercore,
701 1205 726 1243 ot
739 1200 809 1245 Giue'-

52 1282 111 1320 sturu
129 1272 273 1331 lrrcriforione
285 1272 320 1330 (3).
334 1270 394 1327 Quin
407 1278 430 1317 et
447 1272 496 1330 ipse
515 1271 599 1317 Paulus
610 1287 645 1318 ex
658 1273 810 1334 eleemosynis

52 1349 156 1395 fidetium
165 1348 243 1393 virere
255 1347 343 1400 valens
356 1359 384 1390 ne
395 1358 434 1391 eos
447 1353 563 1404 gravaret,
575 1355 689 1393 nocturno
703 1362 811 1393 manuum

52 1424 131 1470 labore
151 1436 176 1468 se
198 1434 297 1480 suosque
318 1420 472 1466 sustentabat.
487 1422 536 1466 Hac
557 1422 595 1466 via
616 1422 683 1468 facite
701 1424 812 1469 mundum

52 1503 216 1545 converterunt
226 1497 367 1550 universum,
381 1508 460 1540 eorum
471 1494 527 1541 vitae
543 1496 695 1544 admiratione
707 1504 810 1557 captum.

82 1579 105 1622 2⁰
116 1573 164 1620 Viri
177 1572 298 1632 apostolici
307 1585 386 1616 omnes
398 1571 500 1615 omnium
510 1572 650 1618 soeculorum
660 1573 716 1618 nudi
726 1575 813 1633 pariter

52 1650 170 1696 Christum
180 1647 267 1693 nudum
281 1651 414 1692 constanter
425 1653 498 1692 secuti
510 1655 571 1691 sunt.

83 1727 105 1769 3ο
115 1725 180 1769 Hanc
191 1725 352 1782 paupertatem
364 1721 444 1766 Patres
455 1722 528 1765 nostri
541 1734 620 1768 omnes
632 1723 699 1768 initio
711 1728 759 1769 tam
769 1736 813 1768 cu-

52 1800 105 1860 pide
124 1797 224 1857 amplexi
243 1802 306 1853 sunt,
321 1802 368 1842 tam
387 1796 491 1842 studiose
509 1796 638 1853 coluerunt,
654 1804 678 1844 ut
700 1804 765 1858 patet
784 1812 813 1843 ex

53 1887 133 1921 eorum
143 1874 206 1923 vitis.
219 1872 278 1917 Huic
291 1872 392 1916 innixam
405 1870 545 1918 Societatem
555 1871 689 1928 fundarunt,
704 1888 756 1933 quae
769 1875 812 1920 hoc

54 1950 133 1996 eodem
144 1948 227 2007 spiritu
235 1946 411 1993 conservabitur
421 1953 444 1993 et
457 1946 597 2006 perficietur,
605 1960 678 2008 eoque
690 1948 813 1996 deficiente

54 2029 153 2070 corruet.
230 2069 234 2077 ,
424 2060 425 2063 ,

82 2098 195 2145 Eumdem
214 2100 237 2142 et
256 2100 283 2143 tu
303 2096 410 2156 spiritum
427 2095 452 2141 in
468 2094 583 2155 colloquio
601 2097 764 2158 complectere,
788 2107 813 2146 et

55 2176 166 2221 instanter
176 2176 239 2232 pete.

323 2305 353 2351 ΙΙ.
369 2304 540 2355 MEDITATIO.

103 2404 137 2451 De
151 2402 327 2462 mortificatione
343 2403 473 2462 apostolice,
486 2417 525 2448 seu
541 2402 594 2455 cite
610 2406 752 2453 austeritate.

81 2504 202 2550 Praetutium
210 2503 225 2541 1.
237 2521 263 2530 -
271 2501 369 2550 Christus,
379 2512 439 2552 pagos
449 2507 469 2540 et
478 2492 552 2551 oppida
565 2500 625 2551 pedes
635 2514 750 2556 peragrans,
758 2505 815 2555 Jeju-

54 2567 105 2596 nans
114 2560 134 2593 et
141 2557 245 2604 fetipatcs,
256 2558 282 2593 aot
291 2557 367 2603 teretem
378 2557 429 2594 sedet
439 2554 473 2606 (4).

77 2668 103 2712 (r)
113 2666 192 2702 rinion.
202 2675 230 2701 vr.
414 2651 416 2654 ⁴
470 2664 496 2709 (3)
506 2664 622 2708 rotimum,

77 2712 103 2758 tit)
111 2712 128 2748 11
137 2709 221 2748 Corinth.
229 2720 256 2749 rr.
470 2709 496 2755 (t)
506 2708 559 2745 toan.
566 2718 591 2747 rr.
