1715 2908
20 161 53 211 82
300 175 357 212 utus
376 174 498 230 sapuimus

21 272 61 318 dat
72 276 112 317 aut
121 272 231 333 negligat.
245 272 306 330 Quid
318 273 338 319 si
355 274 452 332 amicus,
464 272 544 328 frater,
555 277 595 319 aut
609 278 675 333 pater
687 276 739 318 tuus
755 273 779 319 in

21 347 62 394 tali
74 350 177 408 periculo
190 349 339 395 versaretur?
346 349 422 410 cogita
433 350 485 410 quis
495 353 557 396 esset
566 362 647 396 seusus
658 356 681 394 et
690 350 779 395 animus

21 429 84 469 tuus.

52 500 166 548 Puucruu
181 499 209 544 ll.
224 525 251 532 -
265 499 403 560 Applicatio.
422 501 447 544 l⁰
460 500 494 545 Tu
513 513 538 546 es
553 500 592 545 ille
611 501 654 557 vir,
666 501 706 560 qui
719 505 780 546 tota

2 596 4 599 ·
20 577 68 620 Deo
83 576 176 630 talenta,
185 579 219 620 tot
231 575 333 634 pretiosa
343 575 412 630 dona,
425 581 458 621 tot
471 576 558 634 gratias
567 576 677 633 accepisti
688 576 711 621 in
722 574 777 630 vita,

21 651 45 694 in
56 649 125 695 horas
137 654 160 694 et
170 655 302 706 momenta;
314 662 412 709 quorum
422 663 532 694 nrrnrerus
544 649 597 694 iniri
609 651 696 709 nequit,
707 651 780 709 singu-

20 724 95 770 larum
115 728 193 769 autem
215 724 316 783 pretium
336 723 497 785 iuaestimabile
515 730 551 769 cst
567 725 661 782 sanguis
682 724 778 781 Christi;

21 800 86 856 cujus
101 798 172 843 etiam
190 797 331 857 dispensatio
350 798 393 842 tibi
409 797 532 842 commissa
550 804 594 843 est.
614 798 638 842 St
661 798 720 843 uilu'l
737 798 780 844 tilu'

20 873 222 926 antecantamenta
241 879 316 919 tumea
334 871 359 917 lu
375 870 565 933 contrectantes
583 872 625 929 aa(
642 872 656 930 l.
678 872 738 929 Quin
756 880 779 919 at

14 947 105 1000 vmultas
117 946 239 993 dubitandi
252 952 275 992 et
287 947 383 993 timendi
396 959 477 992 causas
491 946 564 999 vides
579 945 663 1007 quihus
673 947 713 992 vix
725 960 780 1008 pos-

20 1026 52 1071 sis
62 1025 209 1086 respondere,
222 1029 245 1071 et
258 1038 285 1070 ex
298 1025 326 1070 iis
336 1028 359 1069 te
372 1023 494 1070 extricare.

50 1105 76 1150 2⁰
89 1100 212 1148 Accusaris
225 1115 239 1147 a
255 1100 359 1146 daemone
371 1100 414 1146 tibi
426 1100 530 1158 intenso3
544 1100 668 1161 adjuvatur
679 1100 739 1147 forte
752 1100 781 1147 ab

20 1177 108 1238 Angelo
119 1177 219 1224 Custode
229 1177 272 1222 tibi
283 1177 377 1233 offenso,
388 1176 428 1237 qui
440 1175 506 1223 ambo
516 1189 595 1223 omnes
603 1177 654 1224 vias
663 1182 715 1224 tuas
726 1177 780 1224 dili-

20 1260 101 1314 genter
118 1254 278 1299 observarunt.
292 1253 373 1299 Testes
390 1258 507 1298 contrata
521 1253 651 1312 producunt
663 1259 780 1300 creaturas

21 1344 108 1383 carnes,
131 1329 214 1389 quibus
232 1328 318 1374 abusus
335 1341 367 1382 es,
386 1335 417 1383 et,
439 1329 502 1374 omui
520 1329 654 1388 exceptione
672 1331 778 1390 majores,

20 1406 128 1450 Divinam
140 1404 283 1463 Sapientiam
296 1409 319 1448 ct
331 1403 448 1462 propriam
459 1403 633 1448 conscientiam.

51 1483 76 1525 30
94 1480 178 1525 Coram
194 1478 285 1525 Christo
298 1490 405 1537 supremo
418 1478 497 1535 judice
512 1478 618 1523 vivorum
636 1483 660 1523 et
677 1485 781 1525 mortuo-

20 1569 80 1611 rum,
93 1549 212 1608 ammonio,
226 1553 391 1612 omnipotente,
401 1552 530 1610 justissimo
541 1558 565 1597 et
574 1552 721 1610 immutabili,
734 1567 747 1599 a
758 1562 781 1601 te

20 1629 106 1689 saepius
125 1627 316 1682 momumento
332 1626 375 1672 tibi
391 1627 460 1682 irato,
479 1640 547 1686 quem
563 1641 607 1673 nec
623 1626 725 1685 flectere,
739 1643 782 1676 nec

20 1717 136 1759 recusare,
151 1716 194 1748 nec
205 1701 322 1748 declinare
333 1706 409 1760 potes.

50 1782 76 1825 4⁰
94 1778 178 1837 Agitur
195 1777 224 1822 de
241 1790 313 1836 regno
333 1781 420 1823 aetoruo
437 1777 600 1835 comparando,
624 1777 652 1823 de
671 1777 782 1825 felicitate

21 1855 89 1918 plena
102 1858 125 1900 et
138 1851 286 1907 immutabili,
299 1851 337 1898 rel
350 1851 506 1911 adipiscenda,
521 1851 557 1897 vel
566 1851 691 1913 perdenda,
705 1854 734 1899 de
744 1854 782 1898 ui-

22 1932 92 1979 taudo
112 1930 226 1992 supplicio
246 1929 346 1975 carceris
369 1933 393 1975 et
413 1927 473 1989 ignis
496 1929 586 1987 aeterni,
605 1928 676 1991 idque
692 1931 781 1990 judicio

21 2008 150 2055 decretorio
161 2011 185 2053 et
194 2004 346 2053 ineluctabili.

51 2088 76 2130 5⁰
89 2085 145 2143 Quis
161 2084 199 2130 hic
212 2084 254 2129 tibi
270 2083 369 2129 seusus?
381 2082 433 2142 quis
447 2083 515 2128 timor
526 2088 549 2127 et
562 2083 667 2128 tremor?
678 2090 718 2130 aut
730 2086 782 2146 qrris

21 2168 102 2221 stupor
114 2160 134 2206 si
146 2173 192 2206 non
200 2158 289 2205 sentis?
302 2171 354 2218 quae
365 2157 465 2204 amentia
477 2158 496 2203 si
504 2157 619 2217 negligis?
631 2158 683 2218 quis
693 2161 779 2205 securi-

21 2245 94 2283 tatem
111 2233 153 2279 tibi
168 2239 263 2291 praestat
279 2233 303 2278 in
316 2239 381 2278 tauto
393 2222 512 2291 periculo?
530 2232 586 2279 uult
601 2232 679 2278 tt'rttere
697 2235 783 2293 eosqui

21 2310 125 2357 occidunt
137 2322 224 2368 coaptis,
242 2308 341 2353 calmum
356 2313 431 2352 cartem
446 2321 491 2351 utcu
506 2313 601 2366 possunt
618 2306 730 2364 occiduam
745 2309 783 2354 cccl

21 2387 130 2434 turcotum
137 2384 381 2442 quipotustuut'mumet
389 2382 731 2442 corpusperclerec'upcteuuum.
742 2384 780 2443 (2).

21 2462 58 2507 Itu
69 2459 117 2503 otico
133 2457 183 2511 titt,
192 2459 250 2503 ltultc
262 2457 314 2502 time
326 2457 362 2515 (3).

52 2535 167 2580 Paucrrm
182 2532 221 2577 lll.
234 2557 264 2566 -
280 2531 401 2579 Conclusio
416 2537 439 2577 et
455 2531 553 2577 fructus.
570 2531 630 2589 Quid
644 2532 731 2579 faceret
747 2534 782 2580 vir

43 2653 68 2699 ll)
77 2653 86 2687 Ι
101 2651 187 2687 Corinth.
196 2660 221 2687 tv·
437 2651 464 2697 (3)
473 2650 518 2690 Luc.
526 2660 559 2688 rur.

45 2700 71 2745 [tt
79 2698 147 2736 lituu.
157 2708 175 2735 x.
