1715 2908
44 84 93 134 132
300 100 364 153 ¹torus
383 98 544 136 nuonncnrns

42 194 78 239 vel
96 195 206 254 virgines,
220 194 256 239 vel
268 195 360 254 viduos,
376 194 412 242 vel
428 195 447 240 si
466 196 609 255 conjugatos,
622 198 674 254 post
694 194 808 241 sacerdo*

43 269 102 314 tium
117 270 140 314 in
153 275 266 317 aeternum
279 270 389 330 pudicos;
403 274 428 318 2⁰
439 283 494 330 ‘quae
507 269 607 330 virgines
623 270 670 314 Deo
683 269 772 315 dicatas
785 277 808 317 et

43 345 141 392 devotas
153 345 217 391 velut
229 345 314 391 Christi
326 337 423 407 ‚sponsas
436 359 449 391 a
462 346 545 406 populo
559 351 691 404 segregatas
708 344 809 391 honora-

43 421 85 474 uit,
100 428 213 480 tanquam
225 427 317 480 Agnum
333 423 356 467 in
373 422 435 468 Coelo
448 434 500 466 cum
514 421 619 481 virginali
635 421 726 466 cantico
740 434 809 466 scru-

45 501 121 553 turas;
133 498 158 541 3⁰
169 509 222 556 quae
235 497 258 541 in
270 497 376 558 utrisque
392 496 470 557 lapsus
483 496 560 543 carnis
578 495 696 541 exhorruit
708 509 808 556 semper,

44 580 67 617 ut
78 585 158 616 severe
169 571 268 631 punivit.

73 647 112 691 Ill.
122 673 149 679 —
159 647 224 692 Hanc
235 647 414 693 aestimationem
425 652 448 692 et
459 648 636 706 praerogativam
648 652 749 691 meretur
761 634 809 706 ipsa

44 722 161 767 castitatis
176 709 326 778 excellentia;
346 727 372 767 ul.
392 724 417 766 l0
434 735 493 780 quae,
511 723 613 780 virgines
626 722 719 781 Angelis
732 736 807 781 pares,

44 796 93 839 Deo
107 795 223 853 prosimos
236 795 304 848 facit;
317 800 342 843 20
356 809 477 855 perquam
489 795 557 840 homo
569 809 652 855 corpus
664 801 686 839 et
698 798 808 851 animam,

43 870 144 915 hostiam
152 877 266 926 sanctam,
277 873 325 915 Deo
336 871 472 930 placentem,
486 871 602 915 sacrificat
607 885 615 926 ;
623 874 648 914 30
656 873 722 929 cujus
731 871 809 930 splen-

31 946 123 999 ,dorem
143 944 204 990 nulla
224 947 300 991 virtus
315 951 401 1004 aequat,
420 953 525 1004 excepta·
536 946 657 999 charitate,
679 948 744 1005 cujus
759 947 810 1004 ipsa

44 1019 133 1065 fruetus
146 1025 194 1076 est3
207 1022 232 1064 4⁰
245 1020 346 1065 coelestis
360 1020 436 1078 potius
448 1033 518 1080 quam
528 1027 619 1066 terrena
633 1021 706 1065 virtus
718 1021 810 1066 videre-

28 1101 90 1148 -tur,
112 1095 273 1154 humanasque
295 1095 355 1138 vires
380 1108 498 1155 superare,
524 1095 568 1140 nisi
598 1096 719 1141 innumera
742 1097 810 1141 turha

45 1170 166 1229 utriusque
178 1182 253 1223 sexus,
268 1176 291 1214 et
304 1170 405 1227 cujusvis
418 1170 504 1224 aetatis,
515 1169 577 1215 illam
591 1170 640 1215 fuso
652 1185 744 1230 quoque
755 1184 810 1216 san-

45 1246 114 1304 guine
127 1245 250 1299 firmasset,
265 1243 293 1290 de
306 1244 390 1303 quibus
403 1244 496 1290 dicebat
511 1244 555 1290 sibi
571 1246 714 1304 Augustinus
726 1259 809 1305 expro-

44 1319 103 1366 bans
120 1335 124 1364 :
146 1321 179 1366 Tu
193 1333 237 1364 nou
251 1319 339 1379 poterin
356 1319 414 1379 quool
431 1319 471 1365 isli
489 1326 510 1366 et
523 1320 585 1367 istra!
599 1320 654 1381 quid
671 1320 706 1366 his
717 1322 810 1367 motivis

46 1395 183 1455 urgentius?
711 1393 713 1396 ’

76 1472 114 1517 IV.
129 1464 155 1504 ’-
168 1471 203 1516 Ad
221 1470 284 1516 illam
301 1470 390 1529 integre
407 1471 597 1524 conservandam,
612 1473 773 1532 cavendosque
789 1477 811 1517 et

46 1546 184 1593 avertendos
197 1559 276 1591 omnes
290 1545 368 1605 lapsus
387 1545 523 1599 contrarios,
540 1545 589 1592 haec
605 1547 705 1593 manime
723 1547 808 1600 valent,

47 1622 107 1682 quod
121 1620 144 1666 iu
156 1620 220 1666 illam
233 1626 342 1681 peccatur
354 1620 430 1678 facile,
445 1620 612 1680 multipliciter,
627 1623 737 1681 graviter,
751 1622 812 1668 irre-

47 1696 190 1757 parabiliter,
202 1703 225 1741 et
235 1696 293 1741 forte
305 1695 472 1741 insanabiliter.
737 1691 739 1695 ’

77 1774 103 1815 lo
114 1771 163 1828 Quo
171 1771 320 1817 excellentior
331 1777 366 1816 est
376 1772 426 1817 haeo
435 1771 516 1825 virtus,
527 1771 571 1816 hoc
581 1771 709 1829 delicatior,
719 1772 754 1818 vel
764 1773 812 1818 solo

47 1847 103 1892 flatu
128 1846 240 1903 tradatur,
258 1846 336 1907 lapsus
351 1847 435 1904 Jurant
459 1846 559 1891 humana
580 1846 709 1904 infirmitas,
733 1847 813 1893 innata

50 1917 247 1982 concupiscentia,
271 1935 421 1981 personarum
438 1920 577 1982 sympathia,
596 1923 743 1968 occasionum
765 1922 813 1968 fre-

49 1998 144 2057 quentia
157 1998 179 2041 in
197 1997 247 2043 vita
259 1996 400 2057 Apostolica,
416 1997 571 2041 tentationum
588 1996 659 2043 viset
680 1997 811 2056 multitudo,

49 2071 169 2130 culparum
181 2071 205 2116 in
216 2071 260 2116 hoc
272 2085 356 2130 genere
369 2071 489 2116 connexio.
727 2130 728 2133 Ἴ

80 2149 106 2192 20
117 2147 228 2191 Peccator
242 2159 286 2190 non
301 2145 375 2190 solum
385 2159 462 2204 opere,
478 2144 606 2204 etquidem
618 2158 657 2203 per
668 2158 747 2191 omnes
759 2159 814 2192 sen-

50 2233 98 2277 sus,
112 2221 153 2266 sed
168 2222 239 2266 etiarn
258 2234 372 2275 sermone,
390 2219 514 2274 desiderio,
532 2220 707 2278 complacentia,
724 2221 814 2279 cogita-

50 2296 122 2351 tione,
137 2296 207 2357 etiam
219 2297 269 2340 sine
282 2294 402 2354 complice.
760 2350 761 2353 Ἴ

82 2372 107 2415 30
122 2369 146 2416 Si
165 2369 300 2424 deliberate,
320 2383 438 2430 nunquam
457 2370 552 2427 leviter;
565 2369 653 2429 quaeris
669 2370 731 2415 enim
747 2369 815 2428 culpa

52 2446 106 2494 talis
119 2459 158 2507 per
171 2460 195 2492 se
208 2446 285 2506 gravis
298 2453 341 2500 est,
356 2451 396 2492 aut
405 2446 533 2506 periculum
545 2460 616 2507 grave
628 2446 725 2502 inducit,
739 2452 765 2492 ut
777 2445 815 2490 vin

52 2522 220 2575 aDoctorihus,
235 2537 249 2570 a
259 2522 344 2569 nostris
353 2536 471 2585 nunquam
482 2522 540 2570 levis
548 2522 647 2584 judicari
659 2523 741 2585 possit.
755 2522 815 2569 Cen

52 2614 115 2650 surae
127 2606 150 2646 et
160 2606 278 2661 praecepta
288 2600 420 2659 SocietatiS,
432 2614 483 2661 cap.
497 2612 530 2662 tv.
583 2626 584 2629 =
609 2621 610 2624 ¹
