1715 2908
59 109 107 157 158
277 123 334 158 uias
352 124 462 159 uncinus
493 123 602 164 acturus

58 234 103 280 que
112 219 207 280 jubetur
219 220 313 267 tendere
322 236 364 282 per
372 223 484 281 majorem
494 223 529 267 sui
540 220 723 281 abnegationem,
737 225 760 266 et
771 234 822 266 con·

58 295 148 340 tinuain
161 296 184 339 in
197 295 303 340 omnibus
315 297 524 342 mortificationem.

89 369 146 415 Vide
160 383 187 415 an
200 368 246 414 huc
257 372 397 428 perveneris.
407 371 493 417 Saltem
502 371 607 417 desidera
619 370 663 415 hoc
671 368 819 423 desideriunt

56 445 124 501 juxta
136 443 191 487 iliud
206 458 211 487 z
222 444 356 503 Gortcopivit
367 459 388 489 ur
399 445 443 489 iruo-
452 459 502 490 utcu
512 446 640 491 desiderare
647 444 822 502 justificationes

59 523 110 562 tuus
124 518 181 576 (ll...
195 518 290 564 Interim
302 520 394 565 obviarn
406 520 503 565 Crucem
515 520 661 580 amplectere,
677 532 735 573 eam,
749 524 822 563 caete-

58 592 90 637 ris
103 592 204 652 paribus,
219 592 290 652 elige3
305 601 327 639 et
340 608 430 653 semper
440 595 523 640 affectu
537 596 618 650 retine,
632 593 753 652 abnegatis
764 606 822 638 con·

60 667 145 711 trariis.

90 742 141 788 Huc
155 756 240 788 reuoca
258 747 281 788 et
297 743 401 789 instaura
422 743 505 803 triplex
525 743 665 805 colloquium
679 743 708 788 de
722 741 820 797 vexillis,

58 818 141 864 crebro
154 814 293 865 iterandum.

337 956 365 1002 ll.
380 956 552 1005 ttEDITnTIO.

93 1068 193 1127 Refleurio
210 1069 271 1115 circu
281 1070 318 1115 ltus
331 1076 377 1116 trac
388 1069 471 1124 euodes,
484 1076 505 1116 et
517 1069 633 1116 tulletum
649 1069 674 1114 cle
690 1069 735 1115 illis
753 1069 792 1128 (tl.

88 1168 136 1206 Post
150 1168 218 1206 eadem
235 1168 339 1217 preludia,
355 1169 462 1218 repetenda
479 1174 525 1208 sunt
540 1169 579 1207 tria
593 1168 721 1219 precedentis
737 1167 825 1207 llledita-

63 1221 123 1259 tionis
134 1223 214 1268 Puncta,
225 1227 244 1258 et
256 1232 323 1259 rursus
335 1221 475 1260 considerandi
485 1227 525 1260 tres
535 1222 624 1271 praedicti
638 1221 758 1259 humilitatis
770 1221 824 1260 modi

62 1273 162 1311 cuiusuis
178 1274 267 1322 motivis,
283 1274 347 1324 magis
360 1274 471 1313 insistendo
488 1275 509 1312 in
521 1274 601 1323 iisque
616 1274 680 1323 majus
698 1273 773 1321 lumen,
791 1280 825 1312 aut

61 1326 185 1375 spiritualem
202 1331 288 1374 gustum,
298 1327 429 1376 affectumque
441 1332 565 1376 pepererunt.
578 1327 651 1366 Deinde
663 1327 736 1376 singuli
752 1326 825 1377 gradus

64 1389 110 1416 cunr
120 1378 158 1416 fine
169 1379 302 1428 comparandi,
315 1385 334 1418 et
349 1379 457 1417 videndum
469 1379 567 1429 quomodo
578 1379 603 1417 ad
617 1380 672 1418 illum
685 1379 796 1428 pertineant
806 1384 826 1417 et

62 1436 157 1480 quantum
168 1430 244 1478 iurent.

88 1484 211 1532 Quicumque
222 1482 247 1520 ad
257 1482 356 1521 Christum
368 1483 432 1521 vocati
442 1484 479 1521 sub
490 1485 532 1532 eius
542 1483 614 1522 vexillo
625 1483 718 1531 militant,
728 1483 754 1521 ad
763 1494 825 1521 unum

61 1533 148 1584 aliquem
159 1546 182 1573 cx
193 1535 225 1572 liis
235 1534 330 1584 gradibus
340 1535 446 1582 pertinent.
459 1536 535 1583 Quibus
548 1536 601 1573 enim
613 1535 673 1573 finum
686 1546 726 1573 non
737 1541 767 1573 est
776 1546 824 1584 pec-

62 1593 127 1624 catum
138 1587 221 1625 mortale
232 1587 312 1624 omnino
326 1589 400 1633 vitare;
411 1587 425 1625 ii
438 1598 506 1626 omnes
519 1587 543 1626 ad
553 1588 646 1625 vexillum
661 1588 762 1636 pertinent
776 1587 826 1625 dia-

61 1638 111 1676 holi.
123 1639 246 1688 Quicumque
261 1645 327 1676 autem
337 1639 374 1677 sub
385 1640 463 1678 Christo
477 1645 531 1687 sunt,
548 1651 587 1678 non
604 1650 672 1679 omnes
684 1640 751 1678 eodem
767 1639 825 1677 modo

63 1697 117 1739 sunt,
129 1692 164 1729 sed
174 1702 210 1739 pro
221 1691 296 1740 triplici
307 1691 428 1730 diuersitate.

94 1781 210 1825 Puncrmu
220 1780 238 1823 I.
253 1805 280 1811 —
294 1780 363 1825 Primi
375 1780 452 1825 subeo
463 1786 517 1826 sunt
527 1782 604 1841 potius
615 1790 641 1826 ut
652 1778 823 1836 conserventur,

64 1868 135 1915 quam
152 1859 178 1899 ut
193 1854 358 1914 perfectionem
371 1856 528 1915 evangelicam
541 1863 581 1902 aut
593 1856 774 1917 ipsiattingant,
787 1862 827 1902 aut

64 1930 116 1977 aliis
127 1930 291 1991 persuadeant.
303 1930 452 1991 Experientia
465 1931 525 1977 enirn
541 1938 632 1978 constat
642 1931 769 1987 Seculares,
783 1931 828 1977 nisi

64 2021 107 2068 ope
120 2007 297 2066 Religiosurum,
312 2008 438 2055 aliorumve
454 2009 609 2068 perfectorum
622 2014 788 2065 sustententur,
803 2014 828 2056 ut

64 2096 119 2130 caro
132 2083 230 2138 ossibus,
245 2083 312 2129 facile
329 2084 352 2129 in
365 2084 472 2133 mortalia
485 2100 558 2140 ruere,
574 2085 696 2131 autetiam
710 2085 802 2131 omnino
816 2098 829 2131 a

66 2160 111 2205 fide
124 2161 229 2206 deficere.
243 2160 273 2205 Et
285 2160 346 2205 idem
365 2165 399 2206 est
414 2161 442 2206 de
455 2162 483 2207 iis
495 2162 626 2221 Religiosis,
638 2162 686 2221 qui,
701 2162 762 2208 avia
775 2176 829 2222 per-

66 2234 173 2280 fectionis
191 2235 334 2293 deficientes,
354 2237 402 2283 sola
422 2237 530 2283 mortalia
550 2237 624 2283 vitare
641 2237 735 2283 uellent.
753 2237 843 2295 Quare.

67 2310 139 2370 inepti
149 2311 235 2356 suntad
246 2310 303 2356 alios
313 2312 474 2370 perficiendos.
780 2304 783 2309 ’

95 2385 212 2446 Puncrun
224 2386 252 2430 ll.
271 2386 414 2431 -Secundi
432 2388 590 2433 indifferentes
609 2390 662 2432 sunt
682 2386 712 2432 ad
729 2383 790 2432 bona
807 2390 830 2430 et

68 2458 130 2505 mala
143 2459 311 2517 indifferentia3
326 2461 378 2520 quia
391 2463 464 2508 solam
477 2462 519 2507 Dei
532 2462 629 2520 gloriam
641 2468 667 2507 ut
679 2462 774 2508 formale
787 2460 831 2506 ob-

63 2537 155 2595 jectum
167 2534 298 2580 intendunt.
309 2536 375 2582 Unde
388 2537 427 2582 ubi
443 2537 481 2582 illa
500 2535 597 2595 aequalis
615 2543 658 2591 est,
672 2536 793 2596 aequaliter
806 2546 831 2579 se

93 2640 119 2689 ll)
128 2640 195 2680 Psalm.
207 2648 268 2679 exunt
485 2640 511 2687 (2)
518 2641 546 2678 Ex
554 2640 641 2681 Gaudier.
