1715 2812
241 189 243 193 ,
307 125 481 196 remeantem
747 145 778 194 le

15 264 65 322 ipse
79 258 196 306 Exercitia
213 254 351 316 spiritualia.
368 250 485 300 Nimirum
501 266 597 300 examen
618 253 776 312 conscientiae,

15 335 135 381 meditatio
155 347 197 380 seu
214 331 295 383 oratio>
305 327 422 386 mentalis,
436 330 506 375 444444
518 330 654 390 spiritualis,
670 331 779 377 conside-

15 412 75 459 ratio
87 424 166 457 eorum
180 421 232 468 quae
243 407 327 467 eoique
339 406 430 466 propria
447 410 512 461 eunt3
527 411 642 453 34444443
654 407 778 453 4444444444

15 486 207 535 horumomnium
216 483 259 528 sul)
273 482 400 528 directione
409 482 477 541 periti
491 482 565 529 444444.
579 484 637 540 Qaae
650 484 669 529 44
688 484 779 542 singula

16 562 112 620 seorsim
130 564 183 605 sunt
196 557 263 603 ualde
279 556 391 611 eldoeeia,
404 556 460 617 quid
479 559 556 604 omnia
573 560 641 606 simul
655 561 779 620 4444444443

16 644 40 685 44
49 639 93 684 4444
111 633 259 689 ordinatam
273 646 366 679 secessu
382 632 450 691 longo
464 639 487 678 et
501 641 619 680 menstruo
630 635 779 681 adnitenda?

17 716 103 760 Horum
113 716 185 770 quant
188 723 201 754 a
213 709 247 754 444
258 709 310 754 site
298 708 423 754 4444444
425 722 446 764 3
458 711 594 765 3444444434,
609 716 645 756 rat
646 725 668 757 4
680 717 703 756 4
714 727 781 772 4444-

17 785 169 835 rientiamani
171 784 241 830 443444
244 786 285 829 0
260 785 354 832 5444
367 785 450 830 enimet
461 785 548 904 Spiritu
524 786 631 831 453444
622 793 645 832 44
657 789 777 848 inspirate,

18 879 45 910 44
54 863 100 910 544
83 869 129 922 4444
131 862 179 906 uris
188 860 260 906 434444
273 865 295 905 44
307 860 341 906 444
343 874 363 907 44
379 860 414 921 444
417 860 462 905 ritu
465 860 506 906 434
517 862 681 921 experimentis
692 863 777 919 elicita,

18 939 98 987 354444
111 935 239 996 apostolica
252 936 381 982 4344434344
393 937 519 997 approbata
535 943 646 997 tanquam
658 940 745 998 pietate
757 947 779 986 44

18 1013 142 1060 4344444344
154 1011 230 1071 44443,
243 1012 268 1056 44
280 1012 385 1056 ordinem
396 1013 424 1057 ad
433 1012 471 1070 pie
483 1012 609 1057 4444444444
620 1013 723 1058 fidelium
736 1016 781 1059 344-

18 1103 68 1135 mos
88 1088 234 1146 aptissimum
254 1086 374 1146 disposita,
390 1091 416 1136 ,et
438 1080 467 1132 ad
487 1087 632 1146 spiritualem
651 1089 781 1148 profectum

18 1164 86 1211 valde
100 1163 167 1209 utilia
185 1169 208 1207 44
226 1161 328 1208 salubria
341 1161 378 1220 (4).
391 1166 416 1208 40
426 1163 457 1208 Ut
470 1163 503 1206 in
516 1163 582 1208 4444444
598 1163 665 1209 docet
683 1165 782 1212 53444444

20 1242 94 1292 Ρ3444,
107 1237 163 1283 talia
172 1243 233 1291 sunt,
246 1250 286 1295 per
299 1249 351 1295 44444
362 1236 430 1281 homo
446 1237 567 1295 dirigatur,
581 1239 707 1285 4444444444
718 1241 782 1299 4444-
810 1291 811 1294 ¹

20 1327 69 1359 sum
80 1313 161 1371 possit,
175 1316 198 1355 44
210 1312 266 1356 44444
283 1324 331 1356 44444
342 1311 464 1365 434444444,
479 1311 671 1357 determinatione
684 1327 697 1359 3
709 1317 783 1361 444444

20 1388 142 1435 affectibus
160 1386 241 1440 libere,
260 1386 391 1430 instituere.
407 1388 433 1430 30
451 1385 555 1443 Quorum
571 1400 627 1433 usus
642 1388 783 1436 Societatem

21 1463 117 1523 peperit,
137 1461 210 1514 344444,
231 1459 343 1505 haetenus
366 1460 520 1515 conservavit,
544 1466 624 1520 totque
645 1468 738 1509 4444444
759 1474 783 1513 44

21 1546 127 1584 44444444
147 1535 176 1581 ad
193 1534 314 1580 sublimem
337 1534 486 1581 sanctitatem
509 1535 596 1592 evexit,
616 1535 721 1595 adeoque
742 1553 784 1585 444
802 1581 804 1583 ,

21 1615 83 1733 ipsols
94 1612 181 1671 pariter
191 1609 281 1663 evellet,
295 1610 315 1653 44
327 1609 373 1654 44444
386 1614 449 1654 44444
461 1613 562 1663 utamur,
577 1600 650 1670 43444
660 1611 751 1671 integre
762 1619 785 1658 44

22 1689 91 1735 444443
79 1695 116 1733 344
94 1685 257 1733 adhibeam
259 1698 293 1730 44
309 1685 363 1733 Noa
374 1684 473 1744 defrort
449 1698 467 1729 44
474 1698 498 1730 44
499 1699 520 1729 es
531 1685 573 1744 igit
575 1699 601 1731 444
614 1700 628 1730 3
640 1685 675 1731 die
688 1686 751 1744 torto,
765 1696 786 1735 et

18 1776 65 1825 por
52 1770 114 1810 44
67 1761 284 1810 4444444444
255 1774 322 1806 erato
315 1767 410 1819 4444444
412 1761 530 1820 44444444.)

35 1842 167 1886 eruerer
179 1837 258 1882 lll2-
271 1837 321 1882 Η44
330 1850 388 1896 opus
400 1837 468 1881 Deie
471 1836 596 1883 tlrominis
609 1838 686 1883 4444444.
698 1840 786 1885 Neuter

22 1917 72 1961 sine
83 1914 156 1959 altero
169 1912 191 1957 id
206 1911 335 1971 praestabit.
348 1912 412 1956 444444
428 1916 503 1963 vocat,
515 1913 598 1970 jurare
611 1918 706 1972 paratus
719 1931 724 1958 :
735 1914 787 1961 Du-

24 2005 71 2037 4444
84 2003 139 2043 eom,
153 1986 236 2048 inquit,
248 1986 274 2032 444
286 1986 438 2038 solitudinem,
454 1992 475 2032 44
491 1987 572 2045 loquor
586 1987 616 2033 od
636 2002 674 2034 444
686 1989 734 2048 ejus
748 1990 786 2049 (3).

24 2068 78 2126 lpse
94 2066 155 2111 huno
174 2076 291 2109 secessum
312 2063 425 2121 praecipit,
441 2075 510 2121 quem
529 2063 557 2107 ud
578 2064 789 2112 sanctificationem

24 2149 89 2189 tuam
99 2141 225 2187 destinavit
237 2153 242 2182 :
254 2138 308 2183 44444
321 2138 413 2183 fiducia.
424 2138 469 2183 Sed
485 2138 553 2182 homo
574 2138 673 2185 fideliter
691 2155 789 2201 respon-

25 2219 79 2263 dere
90 2211 265 2274 debet3alioqui
276 2213 331 2259 444444
341 2213 452 2273 proderit,
465 2213 511 2259 imo
524 2213 690 2263 nocebitmtne
702 2217 788 2265 fervor.

25 2294 87 2339 Affer
104 2290 176 2350 igitur
190 2290 219 2335 344
237 2289 287 2336 lraeo
305 2289 421 2335 Exercitia
439 2288 543 2334 animum
563 2288 654 2345 fortem,
667 2296 690 2336 44
713 2294 791 2340 omnia

26 2366 192 2428 impedimenta
203 2371 351 2423 superantem
366 2378 370 2408 :
384 2364 492 2419 alacrem,
503 2363 602 2409 libenter·
621 2372 644 2411 et
659 2366 727 2412 avide
740 2369 791 2427 ipsa

27 2442 212 2503 aggredientem,
224 2440 350 2495 liberalem,
365 2439 393 2484 ad
413 2439 491 2485 omnia
507 2445 572 2500 43434
574 2454 649 2494 um,e
651 2448 701 2488 444
718 2449 761 2489 4444
754 2458 792 2489 um

27 2519 75 2565 Deo
92 2518 278 2578 permittentem,
299 2516 341 2562 sol
344 2516 438 2570 4344444
452 2516 527 2560 omnis
548 2523 662 2563 creaturae
678 2524 728 2564 an
731 2533 792 2579 44444

50 2639 75 2684 (4)
84 2637 120 2672 Bul
122 2638 141 2671 la
148 2637 225 2680 appreh.
235 2636 288 2672 Pauli
296 2635 331 2671 III.
444 2634 470 2680 (3)
479 2635 538 2679 04444,
547 2646 570 2671 44.

50 2683 77 2729 424
86 2682 144 2719 Eetli.
153 2690 190 2717 444.
