1715 2908
74 124 124 171 232
287 138 342 171 mss
361 139 497 173 vieassmns
516 138 623 171 sanstus

40 247 42 250 ’
74 234 114 279 cha
127 233 163 292 (t),
178 239 198 278 et
213 234 259 292 ipse
277 233 377 280 ostendet
389 233 448 279 nobis
461 234 597 280 canacalaa
609 248 715 293 mannaan
727 240 834 291 stratam,

75 315 96 355 et
118 307 151 352 ibi
170 313 250 367 pacate
271 309 307 367 (2).
330 309 395 366 Quod
414 308 447 352 illi
464 308 577 361 fecerunt,
596 296 688 368 hospite
711 318 835 357 annuente.

75 383 139 428 Idem
152 383 192 427 tibi
204 382 293 427 dictum
305 390 369 443 puta,
383 391 405 429 et
417 396 482 443 pana.

105 462 130 504 20
149 457 241 516 Vespere
252 465 327 505 natent
339 460 408 517 (acto,
418 458 557 504 discumbens
575 472 624 504 caen
640 458 695 512 iltis,
707 458 757 505 ait:
771 458 837 504 Desi-

75 534 137 578 derio
153 534 330 589 desideravilem
346 535 432 580 Pascha
442 535 579 580 mandatore
595 534 707 580 nobiscnm
719 540 837 593 antequam

73 610 154 668 (tatia-c
164 612 202 668 (3).
214 610 273 656 Vide
284 617 310 656 nt
326 611 402 656 animo
415 611 507 657 assidue
522 617 601 657 versat
613 611 747 656 Passionem
758 624 835 668 suam3

74 686 124 744 paci
147 685 231 748 affecto
254 685 284 731 ad
301 685 471 731 Eiichanistiam
496 687 589 743 accede,
605 692 628 731 et
649 686 677 730 ad
694 685 836 732 Sacrificium

75 760 227 805 offerendum.

105 838 131 879 30
143 835 235 893 Adjecit
255 833 323 893 paulo
343 840 393 893 post
406 848 411 877 ι
424 836 496 879 Anien
513 834 561 879 dieo
577 834 646 888 nobis,
660 834 714 892 qaia
729 847 790 879 anas
799 848 835 880 oe-

74 914 147 954 strain
160 923 192 953 me
208 908 339 954 teaciitacas
351 914 391 962 est,
402 907 441 967 qai
458 908 580 953 macedacat
598 923 683 954 caecitas
695 910 740 968 (4).
763 908 836 965 Quam

74 984 193 1040 indignam
214 983 315 1029 facinus!
336 989 358 1027 et
381 983 512 1028 contristati
536 985 661 1042 exquirant
683 982 776 1041 singnii,
800 985 836 1028 di-

75 1066 154 1104 centes
168 1074 172 1102 :
187 1059 306 1117 Naiaqaid
317 1073 354 1116 eqo
367 1073 425 1111 satit,
438 1059 532 1103 Domine
547 1058 594 1116 (5))
604 1059 667 1103 Unus
682 1063 773 1103 tantum
786 1059 836 1105 insi·

73 1134 182 1187 molatae,
196 1146 274 1178 amnes
288 1134 329 1180 sihi
345 1135 436 1178 timent.
450 1134 479 1179 Et
491 1138 516 1179 ta
528 1134 569 1178 tibi
580 1133 644 1177 time.

103 1208 257 1254 Panannnll.
272 1234 298 1240 —
313 1208 418 1252 Comedit
431 1210 520 1266 agnam
535 1208 637 1267 typicum
659 1210 737 1265 Agnos
756 1220 834 1253 neniis.

103 1284 129 1326 (0
140 1284 206 1326 Morti
219 1282 341 1325 imminens
355 1295 434 1327 omnes
446 1281 505 1326 situs
524 1281 581 1338 legis
600 1286 622 1325 et
641 1281 788 1326 caerimonias
806 1268 833 1327 ad

73 1357 184 1400 amussim
199 1360 285 1400 servat.
298 1355 360 1401 Nihil
375 1361 398 1400 te
412 1356 523 1414 impediat
540 1355 569 1400 ab
589 1355 751 1401 observatione
771 1357 834 1414 tegis.

103 1434 128 1477 20
140 1432 165 1475 In
176 1430 281 1489 singolis,
296 1430 352 1488 qnid
368 1430 508 1489 significent,
520 1437 543 1475 et
555 1443 601 1489 quo
612 1434 719 1489 spectent
730 1437 835 1475 contem-

74 1505 158 1564 plator,
173 1514 196 1550 et
208 1506 268 1564 apud
279 1518 304 1550 se
315 1504 422 1550 revolvit.

93 1583 129 1624 -30
142 1580 215 1642 Offent
226 1593 251 1624 se
262 1593 290 1624 ex
306 1580 383 1624 animo
399 1580 428 1626 ed
445 1580 544 1639 figuram
559 1579 635 1639 reipsa
647 1579 798 1638 implendam.
808 1580 835 1625 Et

72 1662 96 1701 tn
111 1658 133 1700 io
146 1656 265 1702 Sacrificio
277 1655 316 1711 ¹fao
328 1656 442 1700 similiter.

102 1722 221 1777 Pasannm'
234 1732 273 1776 ΠΙ.
287 1757 315 1765 ψ
334 1732 416 1776 Subdit
435 1732 544 1776 lotionem
564 1731 648 1790 pedam
670 1730 790 1791 mysteriis
813 1737 834 1776 et

73 1807 227 1853 instinctione
241 1807 341 1866 plenam.
405 1827 407 1830 ⁴

102 1884 127 1927 (0
138 1881 213 1927 Sciens
225 1882 279 1941 qaia
295 1881 373 1927 omitia
387 1881 448 1926 dedit
461 1882 481 1926 ei
497 1881 606 1926 Pateria
621 1895 714 1937 anatona·
728 1888 748 1927 et
759 1882 836 1941 attiae

72 1959 118 2004 Deo
138 1957 217 2010 eaioit,
233 1962 255 2002 et
269 1957 299 2001 ad
315 1957 388 2001 Deam
407 1955 479 2010 ondit,
492 1955 568 2015 sanai(
586 1970 600 2000 a
620 1956 687 2001 Coena
703 1957 738 2016 (6).
754 1957 834 2003 Omnia

72 2033 133 2078 solus
143 2038 267 2092 (ii‘aepenat,
279 2037 300 2076 et
309 2031 376 2090 coepit
387 2032 464 2077 lavare
475 2032 541 2090 poetes
553 2031 724 2090 Discipcciacant
734 2046 835 2088 setanion,

72 2114 93 2154 et
109 2114 224 2166 esternaco
243 2107 314 2152 liitteo
334 2120 376 2165 qao
394 2112 443 2151 enat
460 2106 605 2166 picaotnaas.
617 2106 651 2151 Es
670 2107 760 2153 infinita
782 2110 835 2153 Per-

72 2196 135 2229 sonae
149 2183 263 2241 dignitate
278 2194 377 2239 agnosce
390 2182 528 2242 profundam
541 2183 590 2240 ejas
609 2181 800 2235 humiliationem,
813 2185 835 2226 et

73 2257 211 2317 mysterium
225 2270 340 2300 revenere.
640 2251 642 2255 ’

101 2336 126 2376 ⁶2⁰
140 2331 206 2377 Veait
221 2343 274 2390 erno
287 2330 317 2375 ad
337 2330 449 2376 Siasottent
468 2330 564 2377 Petcani
584 2330 651 2388 (forte
668 2332 769 2392 primum
786 2344 836 2375 om-

70 2406 142 2463 ninm)
159 2421 163 2450 :
179 2406 282 2460 Domine,
296 2405 380 2466 inquit,
394 2413 419 2454 ta
437 2406 495 2453 otini
514 2406 576 2452 ianas
590 2406 657 2465 pectes
676 2406 715 2466 (7)!
733 2405 835 2453 Pondera

92 2511 121 2556 (1)
130 2509 197 2546 matth.
208 2519 259 2548 xxm.
488 2511 515 2556 (5)
523 2511 582 2547 Maro.
594 2521 635 2555 x1v;
644 2511 712 2548 Masta.
721 2520 764 2546 xxm

92 2556 120 2601 ((2ἱ
129 2556 173 2590 Lno.
182 2565 227 2591 xxm.
490 2558 517 2601 (fi)
526 2558 582 2593 Joan.
593 2567 634 2593 xiii.

93 2602 120 2645 (3)
127 2601 195 2636 Matth.
205 2610 258 2642 xxv13
268 2600 313 2637 Lnt.
324 2610 371 2638 xxa.
389 2594 390 2597 '
488 2602 515 2646 (7)
525 2602 579 2641 Joan,
587 2611 628 2637 xm.

92 2647 119 2691 (a)
127 2644 193 2685 Matth.
203 2655 254 2681 xxvi.
