1715 2908
36 135 87 185 226
234 151 290 196 nius
308 151 445 187 vrenstuus
471 150 601 186 sneuunus

68 251 124 296 h⁰A
143 250 234 295 nemine
253 250 374 305 invitatus,
387 264 435 295 3333
446 251 603 310 3333333333
614 256 676 303 esset,
688 250 796 297 eirettuts-

36 324 106 384 pinetis
114 325 224 379 omuibus,
236 339 337 384 egressus
347 332 378 371 est
387 340 435 371 euru
445 323 493 370 suis
504 326 639 372 Betltmte'um
651 327 657 386 (
673 327 690 384 l.
702 327 730 372 Et
743 327 807 373 nihi.

39 401 137 446 lominus
148 400 251 460 quotidie
265 402 325 447 redit
338 401 361 446 in
378 400 504 456 civitatem,
518 407 541 445 et
557 401 580 446 in
593 401 679 461 templo
690 400 757 447 dotet
773 408 799 447 ut

38 477 110 535 prius.
122 476 205 521 lllirare
222 482 243 520 et
261 475 353 521 illorum
365 475 564 534 ingratitudinem,
578 482 600 521 et
613 476 697 523 Christi
710 476 800 522 henefi-

38 539 227 607 eentiam3'illam
240 546 363 605 detestare,
376 551 436 596 hano
446 551 546 596 imitare.

69 625 223 686 Coll'oquium
234 627 290 671 Pete
301 640 314 671 a
324 627 380 680 Deo,
392 639 433 686 per
446 625 570 683 Christum,
583 626 617 672 sie
631 638 711 672 omnes
723 626 800 671 homi-

39 715 93 746 num
103 701 198 761 plausus
218 702 365 762 eruperaet
381 702 403 746 in
424 702 491 747 tertio
511 702 648 749 humilitatis
664 702 732 748 modo
744 717 800 762 per-

38 782 109 821 stare.

68 853 122 910 Legi
136 852 220 911 poterit
232 864 307 896 sermo
323 851 414 896 Domini
425 852 448 896 in
458 853 542 905 lilonte,
557 853 628 898 hlath.
640 866 664 909 u,
678 852 714 898 vel
727 853 799 912 repeti

39 933 102 972 totus
112 940 187 972 semro
202 933 252 985 post
265 927 368 971 Coenam.

68 1002 101 1045 Ex
111 1001 243 1046 Imitatiene
256 1000 348 1054 Christi,
366 999 406 1044 lib.
420 1001 458 1057 Ill,
475 1014 526 1059 cap.
547 1014 581 1053 ix,
595 1001 657 1060 quod
678 1002 754 1047 omnia
769 1002 798 1047 ad

38 1078 110 1121 Deum
128 1076 189 1120 sicut
208 1076 235 1119 ad
253 1075 320 1119 linem
344 1074 449 1119 ultimum
467 1074 587 1121 referenda
605 1083 672 1130 sunt,
693 1089 743 1135 eap.
761 1090 797 1131 xi,

38 1150 101 1210 quod
117 1149 232 1195 desideria
247 1149 323 1195 cordis
336 1148 489 1194 examinanda
507 1154 594 1194 suntet
607 1150 761 1205 moderanda,
775 1155 797 1195 et

38 1239 89 1285 cap,
102 1238 155 1278 xxr,
170 1224 231 1283 quod
242 1224 265 1268 iu
276 1224 324 1268 Deo
335 1236 404 1282 super
417 1223 494 1269 omnia
510 1223 570 1269 bona
583 1230 606 1269 et
622 1224 682 1270 dona
692 1224 800 1284 requiet—

38 1299 137 1344 oendum
149 1304 192 1343 est.

258 1448 335 1492 XXII.
353 1447 577 1493 CONSIDERATIO.

155 1537 156 1540 ’
213 1544 246 1588 De
263 1542 352 1601 Officiis
367 1543 435 1602 pestis
450 1549 492 1589 eat
506 1543 617 1602 perauctis.
635 1562 637 1565 ·

66 1642 146 1688 Lectio
157 1655 185 1687 ex
203 1642 333 1688 Summ'ario
347 1641 543 1687 Constitutionum
559 1643 615 1700 Reg.
630 1643 667 1695 al,
682 1644 710 1689 32
723 1647 745 1688 et
758 1656 798 1687 se-

37 1724 117 1777 quent.
132 1717 199 1763 Circa
219 1716 303 1770 officia,
315 1716 358 1762 tria
378 1716 524 1776 potissimum
543 1716 711 1762 consideranda
731 1724 797 1769 sunt;

38 1793 154 1848 nimirum,
167 1795 193 1836 l⁰
202 1791 323 1852 dispositio
335 1792 364 1837 ad
374 1792 414 1837 illa
426 1792 581 1852 acceptanda3
594 1796 619 1839 2⁰
631 1793 754 1852 applicatio
769 1793 796 1837 ad

36 1869 75 1914 illa
88 1868 217 1928 implenda,
229 1871 255 1913 30
266 1868 422 1914 remuneratio
435 1881 476 1928 pro
489 1867 534 1913 illis
545 1868 708 1928 exspectanda.

65 1946 82 1990 Ι.
94 1971 121 1977 -
134 1944 201 1990 Circa
214 1943 389 2003 dispositionem
402 1944 429 1989 ad
443 1950 554 1990 consueta
569 1943 696 2002 Religionis
713 1944 796 1991 offitia.

67 2023 92 2065 ¹10
105 2019 208 2079 Quisque
226 2019 305 2065 conari
326 2018 394 2064 debet
412 2024 491 2078 aptum
504 2024 526 2063 et
541 2018 650 2064 idoneum
662 2033 687 2064 se
702 2020 799 2065 reddere

37 2096 156 2141 adomnia
174 2094 250 2140 officia
269 2094 405 2150 exercenda,
419 2108 461 2155 pro
479 2108 520 2140 suo
538 2094 619 2154 gradu,
632 2108 684 2153 quae
704 2095 733 2140 ad
753 2095 798 2141 ali-

37 2172 98 2231 quod
110 2171 193 2217 horum
204 2169 336 2216 necessaria
344 2170 381 2216 vel
392 2170 458 2215 utilia
471 2176 532 2216 sunt.
544 2170 593 2216 Hoc
602 2170 663 2224 enim
672 2170 740 2216 dehet
751 2172 798 2215 Deo

37 2253 60 2291 et
69 2246 192 2304 Religioni.
207 2291 208 2294 ,
334 2248 336 2253 ’

68 2326 93 2368 20
106 2322 151 2378 Sic,
164 2327 309 2381 praeparatus
323 2321 449 2375 adomnia,
464 2320 533 2365 dehet
554 2333 604 2366 esse
620 2320 753 2366 indifferens
770 2320 797 2366 ad

37 2397 129 2452 oinnia3
141 2395 197 2440 nihil
220 2401 309 2455 optare,
322 2394 378 2439 nihil
396 2400 484 2455 petere,
498 2393 555 2439 nihil
573 2408 693 2452 recusare,
713 2395 753 2441 sed
776 2395 798 2438 in

37 2471 144 2517 omuibus
156 2476 290 2530 exspectare
300 2476 323 2515 et
336 2471 401 2530 sequi
415 2477 497 2515 nutum
508 2469 647 2516 obedientiae
661 2486 666 2514 :
684 2470 728 2515 hoe
739 2470 799 2514 enim

37 2551 73 2591 est
89 2544 266 2592 tundamentum
278 2545 343 2605 pacis
354 2556 377 2591 et
388 2545 530 2602 securitatis,
542 2558 585 2591 nee
605 2559 649 2592 non
668 2545 760 2592 fiduciae
775 2544 800 2588 in

53 2629 86 2711 ll)
95 2663 153 2700 Mare.
162 2673 187 2699 xi.
