1715 2908
57 149 107 198 322
230 152 236 166 ”
260 158 316 198 orus
338 159 492 197 rnrensrnus
508 157 616 197 ruamus

87 261 116 308 V.
129 288 155 296 -
167 259 247 306 Praxis
259 259 333 320 magis
345 273 358 306 a
368 259 416 304 Deo
429 258 513 319 pendet
526 272 596 320 quam
607 259 819 309 annominemus

58 338 121 384 enim
133 343 175 391 est,
193 336 231 395 qui
249 335 311 383 deret
327 335 438 382 homiaem
455 335 571 383 scientium
592 336 628 395 (l),
641 338 740 383 maxime
759 339 819 385 hanc

59 413 341 469 seientiamSanctorun13
355 412 409 473 quia
420 417 496 457 tamen
510 412 585 471 gratia
603 412 662 459 solet
675 413 819 460 uniformiter

59 489 158 549 operari,
171 488 248 534 Sancti
259 488 394 533 methodum
405 488 529 547 quamdam
540 489 622 544 secuti,
634 502 685 535 eam
698 489 764 535 nobis
776 496 820 536 tra·

59 565 175 618 diderunt,
191 576 261 623 quam
272 563 391 627 humiliter
404 563 469 623 sequi
480 576 602 622 possumus
615 569 639 610 et
649 564 768 611 dehemus.

89 640 128 684 VI.
141 664 171 672 -
183 638 299 683 innumeri
311 645 364 684 sunt
381 638 443 683 modi
462 638 537 682 Deum
554 638 598 683 sihi
616 644 755 698 praesentem
774 639 821 686 sis-

59 714 135 769 tendi,
148 726 246 772 quorum
259 713 298 759 alii
309 718 362 758 sunt
374 711 452 772 potius
461 712 556 771 passivi,
566 713 605 758 alii
619 728 646 758 ex
655 714 821 772 imaginatione

59 788 186 848 pendentes
197 786 373 842 difficiles'sunt,
385 787 463 832 necin
475 788 576 834 ueritate
596 786 695 844 fundati,
708 803 766 848 quos
778 802 822 836 nec

60 863 200 922 uituperare,
215 874 258 906 nec
276 861 372 908 suadere
383 861 502 919 dehemus,
516 861 557 906 sed
569 860 639 908 fidem
655 870 678 909 et
698 864 822 910 veritatem

56 939 135 1000 sequi,
147 937 281 984 invisibilem
298 944 406 998 tuaquom
416 937 524 993 videntes,
537 937 671 985 sustinentes
683 939 719 1000 (2).

90 1016 139 1062 VII.
152 1042 179 1049 -
191 1014 307 1062 Christum
317 1016 392 1061 Deum
404 1020 427 1061 et
442 1014 559 1061 hominem
575 1017 722 1062 considerare
739 1030 822 1077 possu-

61 1107 112 1139 mus
121 1092 283 1153 ,multiplieiter
297 1107 302 1139 ι
315 1094 341 1137 l0
351 1093 375 1138 iu
385 1092 456 1149 Coelo,
470 1093 589 1138 sedentem
602 1106 616 1139 a
633 1094 721 1140 dextris
733 1095 821 1152 Patris,

62 1173 87 1217 2⁰
100 1170 124 1214 in
140 1169 288 1215 Sacramenta
301 1158 363 1226 uere,
376 1174 399 1214 et
417 1167 511 1215 realiter
534 1168 679 1225 existentem,
692 1169 775 1217 saltem
793 1170 823 1218 ad

61 1245 127 1290 illum
137 1244 252 1301 conversi3
261 1247 286 1290 30
296 1244 320 1289 in
331 1243 408 1303 aliquo
420 1249 483 1290 statu
492 1244 611 1303 praeterito
620 1245 677 1292 vitae
688 1245 723 1291 v‘el
731 1245 821 1303 mortIs,

62 1335 104 1381 per
114 1319 264 1374 memorIam3
277 1319 313 1365 vel
324 1321 348 1363 in
358 1319 436 1364 futuro
448 1319 538 1364 Iudicio
555 1320 661 1365 vivorum
680 1325 704 1366 et
717 1329 823 1367 mortuo-

62 1408 123 1453 rum,
135 1409 176 1454 per
187 1393 256 1438 fidem
267 1409 272 1450 3
283 1396 308 1439 40
320 1394 356 1439 vel
369 1393 482 1448 absolute,
496 1393 756 1455 secundum-personam
769 1409 822 1455 pree

63 1470 110 1515 cise
123 1475 247 1528 sumptam.

92 1543 152 1590 vul.
163 1569 193 1577 -
204 1544 267 1588 Deus
283 1542 345 1588 solus
361 1555 402 1588 seu
423 1542 539 1588 Divimtas
559 1543 660 1601 spectari
683 1548 769 1603 potest,
786 1542 824 1589 vel

64 1618 168 1667 absolute
183 1619 207 1665 in
220 1618 315 1679 seipsa,
329 1618 366 1665 uel
383 1619 481 1680 praecise
498 1617 625 1665 secundum
643 1618 768 1666 essentiam
787 1618 824 1664 uel

64 1697 191 1744 secuudum
211 1695 325 1742 attributa
342 1695 449 1742 absoluta
466 1701 506 1742 aut
525 1694 635 1753 relativa,
652 1709 694 1756 per
710 1695 824 1742 visionem

65 1773 193 1834 simplicem
210 1773 347 1820 reverentiae
365 1777 388 1818 et
405 1772 490 1818 amoris
507 1770 610 1831 plenam3
622 1771 659 1816 vel
681 1771 778 1818 relative
796 1771 825 1818 ad

65 1863 114 1906 nos,
129 1854 154 1894 ut
167 1850 190 1893 in
201 1849 249 1893 Deo
260 1849 393 1904 existentes,
408 1848 443 1893 vel
455 1847 567 1893 hahentes
577 1848 651 1893 Deum
663 1848 687 1892 in
698 1847 764 1893 nohis
774 1847 824 1893 exi-

65 1929 172 1977 stentem,
183 1922 219 1968 vel
230 1922 411 1983 utrumque;vel
419 1923 516 1969 relative
528 1922 557 1968 ad
567 1921 624 1968 alias
634 1929 761 1978 creaturas,
772 1935 825 1981 quae

65 2005 119 2046 sunt
138 1998 205 2047 simul
227 1999 277 2057 ejus
292 2012 370 2058 opera,
383 2005 406 2044 et
421 1998 445 2043 in
457 2011 500 2044 nos
511 1997 633 2053 beneficam,
643 1999 705 2044 unde
722 1998 825 2057 exsurgit

66 2088 138 2128 amor,
151 2072 278 2133 gratitudo,
293 2079 338 2119 ete.

95 2150 138 2195 IX.
153 2150 288 2195 -Sanctus
300 2148 403 2208 Ignatius
415 2146 465 2193 vult
483 2161 496 2193 a
512 2146 577 2192 nolus
597 2147 740 2193 considerari
752 2149 826 2192 Deum

67 2225 205 2269 existentem
217 2224 240 2267 iu
253 2223 358 2268 omnihus
370 2221 484 2268 creatums
493 2235 534 2282 per
546 2222 679 2277 essentiam,
687 2222 824 2281 potentiam,

66 2298 223 2359 praesentiam,
231 2305 253 2343 et
266 2299 289 2342 in
300 2298 357 2358 ipsis
364 2311 391 2343 ac
399 2311 440 2357 per
452 2297 515 2357 ipsas
523 2303 658 2356 operantem
669 2310 711 2356 pro
723 2295 789 2341 nohis
800 2309 828 2340 ex

68 2390 154 2432 amore,
169 2376 208 2437 qui
220 2383 327 2421 mutuum
338 2387 440 2421 amorem
452 2374 519 2436 petit.

98 2453 130 2498 X.
144 2479 172 2487 -
186 2454 237 2499 Non
249 2465 328 2498 omnes
339 2451 444 2498 eamdem
456 2449 591 2497 methodum
602 2450 667 2510 sequi
680 2449 774 2504 dehent,
786 2460 828 2493 nee

67 2528 260 2590 perfectissimam
279 2542 390 2590 quaerere,
404 2528 471 2588 cujus
488 2539 534 2572 non
549 2538 630 2572 omnes
647 2530 701 2572 sunt
719 2537 825 2586 capaces.

92 2668 255 2744 (areunae.
475 2678 612 2740 (muman.
