1715 2908
87 110 136 160 140
244 145 246 148 -
305 125 362 159 nans
380 124 490 159 uncinos
520 124 627 158 renatus

115 220 154 265 Ill.
173 220 273 266 Attende
291 221 379 280 pariter
399 233 468 281 quam
487 218 621 279 gloriosum,
636 232 705 279 quam
719 220 847 279 jucundum

87 300 175 341 aeterno
189 295 250 340 Patri
259 294 330 340 luerit
343 295 494 355 hocprimum
504 296 548 339 iter
559 295 675 353 Unigeniti
688 296 711 339 in
723 295 845 354 templum!

81 383 156 428 -qnam
179 373 246 426 grata
265 375 288 413 et
306 376 402 428 accepta
421 368 578 414 Sanctissimae
598 368 707 413 Trinitati
730 369 848 414 terrestris

86 446 136 490 haec
148 445 308 489 itinerantium
321 444 440 491 Trinitas?
453 445 535 503 gaude,
551 445 675 503 gratulare,
689 444 807 490 aemulare.

116 520 230 563 Puerorum
241 519 270 562 ll.
282 544 309 550 -
321 517 447 571 Considera
458 517 482 562 in
498 517 588 563 Christo
600 518 776 575 abnegationem
790 518 846 563 alle-

87 603 203 654 ctuserga
222 595 372 655 propinquos.
392 595 417 639 l⁰
439 594 548 640 Parentes
569 594 705 646 immeritos,
719 607 761 639 nec
782 594 847 654 cogi-

88 680 163 718 tantes
176 672 270 728 deserit,
279 671 386 732 quamvis
398 671 468 716 sciret
477 672 579 731 graviter
592 671 645 716 inde
659 672 843 730 contristandos;

88 752 114 795 20
128 749 240 806 quaesitus
252 750 311 793 inter
324 754 434 806 cognatos
449 755 471 793 et
486 752 553 794 notos
566 762 610 792 non
621 749 745 801 invenitur,
758 747 847 808 lugiens

87 837 180 868 carnem
193 831 215 868 et
228 824 376 882 sangninem;
390 828 415 868 30
427 831 479 882 post
500 824 602 868 triduum
622 823 727 869 sollicitae
743 828 765 867 et
779 823 846 869 dolo-

87 912 146 943 rosae
167 898 323 958 inquisitionis
341 899 446 944 inventus
465 899 488 942 in
506 897 600 957 templo,
614 898 681 942 lllatri
701 905 847 956 peramanter

88 963 236 1031 conquerenti
249 972 380 1017 duriuscule
397 971 538 1031 respondet:
553 971 611 1025 Ouid
625 978 657 1018 est
668 972 724 1029 aliod
735 987 769 1016 me
785 987 847 1031 qute-

88 1046 172 1092 rrbnlis
182 1049 218 1104 ll),
232 1046 364 1105 significans
377 1059 401 1091 se
413 1048 503 1091 Patrem
514 1046 598 1091 habere
609 1047 632 1091 in
645 1047 722 1095 Coelis,
731 1049 767 1091 cui
779 1047 847 1093 unice

88 1121 179 1180 placore
201 1122 312 1174 studeret,
328 1121 419 1166 caeteris
438 1121 556 1179 neglectis.
569 1122 604 1165 lta
621 1121 682 1165 viros
702 1122 847 1180 Apostolicos

88 1210 138 1240 esse
159 1204 256 1255 oportet,
271 1202 294 1240 ul
314 1196 471 1242 Melchimdeclt
487 1197 534 1239 siae
549 1201 625 1255 patre,
639 1196 686 1241 siae
706 1196 846 1250 ordirentur

87 1270 216 1330 perieulopt'n
233 1271 270 1327 (Ξ),
283 1283 328 1314 ttoit
340 1270 499 1328 ncqniescrrttes
514 1270 579 1314 corna
596 1277 617 1316 el
633 1269 739 1327 sunpttint'
756 1272 791 1328 (3),
804 1285 846 1330 pa-

88 1351 151 1389 ratos
175 1345 258 1398 odisse,
278 1351 432 1400 contemnere,
451 1345 536 1389 calcare
555 1350 643 1403 patient
662 1350 682 1390 et
699 1351 804 1400 matrem,
824 1351 846 1390 et

89 1434 167 1467 omnes
187 1421 297 1480 sangnine
308 1422 401 1480 junctos
415 1427 507 1481 propter
523 1421 637 1466 Christum
651 1427 673 1465 et
687 1421 845 1480 Euangelium.

119 1496 210 1542 Talisne
224 1510 248 1542 es
259 1496 301 1542 tn?
313 1497 448 1555 Magistrum
458 1503 480 1542 et
491 1498 579 1554 Ducem
591 1511 696 1557 sequere.

120 1575 233 1619 Puncrunr
246 1573 283 1617 lll.
298 1598 325 1605 —
339 1572 463 1617 Considera
477 1572 593 1618 Christum
607 1573 643 1617 liic
658 1586 741 1618 vacare
755 1573 783 1618 iis
794 1586 846 1632 quae

90 1649 130 1693 Dei
152 1656 204 1693 snut
223 1649 251 1692 ad
269 1647 399 1706 exemplum
414 1653 517 1692 nostrum
534 1650 559 1691 l0
578 1648 675 1693 Videtur
689 1654 737 1693 toto
754 1648 792 1692 illo
805 1649 848 1692 tri-

90 1723 134 1766 dno
154 1722 265 1766 mansisse
287 1721 310 1764 in
333 1721 418 1778 templo
438 1722 535 1783 orationi
556 1721 666 1776 intentus
681 1729 704 1768 et
722 1722 846 1777 doctrinae;

90 1800 115 1842 2⁰
129 1803 233 1854 repertus
244 1803 278 1838 est
288 1795 370 1839 sedens
386 1795 446 1838 inter
458 1795 578 1848 Doctores,
591 1801 614 1840 et
631 1796 775 1854 interrogans
788 1796 846 1851 illos,

90 1875 114 1914 ut
127 1869 223 1914 decebat
236 1874 342 1923 aetatem3
355 1869 419 1928 quin,
432 1873 454 1913 et
468 1869 608 1927 respondens
625 1870 669 1913 illis
682 1884 735 1915 cnm
747 1871 847 1929 pruden-

89 1945 121 1990 tia
134 1943 233 1989 mirabili
243 1959 248 1998 ;
259 1947 284 1988 3⁰
300 1944 367 1989 matri
381 1943 535 2003 expostulanti
548 1944 606 1989 dixit
624 1960 629 1988 :
643 1945 780 1990 Nesciebntt's
796 1945 848 2004 quio

90 2020 114 2064 ia
131 2019 165 2064 liis
184 2033 232 2079 qtroe
248 2018 328 2064 Patris
348 2018 392 2062 aiei
406 2024 466 2072 sarit,
481 2024 567 2078 oportet
582 2022 616 2063 rite
636 2033 678 2064 erse
689 2020 734 2077 llll
749 2020 845 2074 boensi,

92 2095 167 2141 moad
183 2095 280 2155 gloriam
300 2095 373 2139 Patris
386 2094 501 2139 hominem
523 2094 620 2149 laetum,
635 2095 722 2141 nnllam
735 2097 783 2156 eius
795 2108 849 2156 pro-

91 2172 199 2218 curandae
207 2171 353 2217 occasionem
366 2176 551 2231 praetermittere,
565 2171 611 2216 imo
629 2170 672 2217 hoc
693 2186 761 2217 unum
783 2171 850 2231 cogi-

92 2253 140 2292 tare
151 2247 242 2293 debere.
254 2247 308 2291 Esto
329 2253 352 2292 et
371 2254 394 2292 lu
414 2247 478 2292 iniis
494 2260 547 2307 qnae
560 2247 601 2291 Dei
613 2253 673 2302 sunt,
688 2248 711 2293 in
734 2249 846 2302 oratione,

92 2321 220 2381 disciplina,
235 2329 258 2367 et
269 2321 382 2376 doctrina,
396 2327 419 2366 et
432 2320 508 2367 omnia
521 2322 549 2367 ad
564 2323 673 2381 majorem
686 2325 735 2382 ejus
752 2318 846 2381 gloriam

92 2396 160 2441 roler⁴

113 2588 139 2632 tr)
149 2587 187 2623 Luc
203 2597 225 2624 ιι,

115 2633 140 2679 (2)
149 2632 206 2669 Hebr,
215 2642 247 2670 vu.
