1715 2908
18 142 68 194 iao
280 161 338 197 oms
355 161 518 197 nuouacmuus

19 307 34 345 P
46 257 168 348 {migliarius
177 258 205 296 ΙΙ,
214 277 241 286 -
249 256 320 308 Specta
335 259 435 297 Christum
448 258 543 298 infantem
553 271 565 298 a
575 258 657 308 Virgine
670 258 730 297 Matre
741 258 780 297 Deo

36 320 95 349 ario
119 317 179 349 aium.

46 385 167 422 Proetuci'cm
178 387 215 426 ΠΙ.
229 405 255 412 -
267 385 315 426 Pete
323 386 397 425 imitari
405 387 510 439 utriusque
523 387 654 428 devotionem.

51 468 166 526 Punorun
178 468 197 523 Ι,
211 494 238 502 -
252 469 358 516 Christus
370 484 398 515 ex
412 470 486 530 primo
502 470 664 532 Conceptionis
675 470 780 525 instanti,

21 545 108 603 etipse
127 544 264 591 Nativitalis
280 554 404 600 momento,
420 552 475 592 actu
494 548 584 593 interno
598 550 647 607 jam
658 551 709 592 ium
720 546 783 592 Patri

21 632 71 664 sese
84 618 208 674 obtulerat,
220 620 291 680 idque
303 621 443 667 sacrificium
457 629 510 667 actu
521 637 566 668 non
579 623 708 682 interrupto
718 622 782 681 jugi-

22 701 57 739 ter
67 694 243 753 perseverabat;
255 695 296 741 sed
307 696 350 741 hoc
361 696 393 741 illi
405 710 486 756 parum
497 697 541 741 fuit
550 698 580 743 ad
590 696 687 757 gloriam
698 697 782 742 Patris.

21 769 95 827 lgitur
112 770 173 815 actui
187 770 278 815 interno
292 776 315 815 et
332 777 429 826 secreto,
443 772 516 817 etiam
533 768 654 817 externum
671 777 694 816 et
707 770 783 830 puhli-

22 856 83 898 num,
101 845 169 902 Juxta
187 843 245 903 legis
257 845 420 905 praescriptum
438 846 539 903 adjicere
551 845 633 900 voluit,
649 852 674 891 ut
691 845 784 891 donarat

22 930 64 962 nos
78 919 241 977 :Religionem
258 933 304 964 non
321 919 395 964 solum
408 920 505 964 interius
520 920 604 974 colere,
617 934 699 965 verum
714 921 785 964 etiam

23 992 126 1037 exterius
136 992 249 1050 profiteri,
261 994 361 1039 maxime
376 992 398 1037 in
410 993 443 1052 liis
460 1007 512 1052 quae
532 994 567 1038 lex
585 998 625 1038 aut
643 993 785 1039 cousuetudo

24 1067 63 1125 pia
75 1066 175 1121 induxit,
190 1073 216 1111 ut
228 1068 375 1125 spectaculum
385 1067 455 1112 siricus
467 1068 522 1119 Deo,
536 1074 556 1112 ct
570 1068 670 1126 Angelis,
682 1074 701 1112 ct
714 1068 786 1111 linari-

23 1139 90 1186 nibus
114 1141 152 1201 (lt.
165 1140 234 1187 Disce
247 1141 301 1187 hiuo
313 1142 336 1187 in
349 1141 394 1202 piis
407 1147 430 1188 et
444 1144 561 1188 consuetis
575 1142 728 1188 observantiis
738 1142 785 1187 Re-

24 1215 85 1274 gulae
106 1222 129 1262 et
149 1217 315 1262 Communitati
336 1223 359 1261 te
376 1216 528 1272 conformare,
542 1217 571 1263 ad
588 1217 686 1277 gloriam
703 1217 745 1262 Dei
763 1222 786 1261 et

25 1290 154 1350 exemplum
166 1291 249 1337 Christi
262 1296 285 1336 et
295 1292 382 1338 Mariae.

56 1368 171 1413 Pomorum
189 1368 217 1412 ll.
237 1393 265 1400 —
285 1368 410 1413 Considera
427 1367 512 1413 Christi
530 1366 679 1413 sacrificium.
693 1367 718 1412 l⁰
731 1366 787 1424 Quis

26 1432 127 1488 obtulit?
148 1443 299 1488 Deus-Homo.
323 1446 348 1490 20
368 1442 427 1499 Quid
447 1442 549 1488 obtulit?
569 1456 593 1488 se
610 1443 685 1502 ipsum
702 1447 785 1497 totum,

26 1522 118 1578 corpus,
144 1519 288 1577 sanguinem,
312 1519 421 1573 animam7
440 1518 543 1564 actiones
565 1531 651 1574 omnes,
674 1519 746 1563 vitam
765 1525 787 1562 ei

26 1601 135 1639 mortem.
157 1596 182 1639 3⁰
208 1593 323 1651 Quando?
346 1594 383 1638 die
409 1593 595 1654 quadragesimo,
617 1595 788 1653 quamprimum

26 1668 105 1727 egredi
123 1669 207 1729 potuit.
231 1671 256 1713 ho
277 1669 337 1715 ubit
357 1669 513 1729 ierosolymis,
536 1669 559 1714 in
578 1669 673 1729 templo,
695 1670 718 1713 in
738 1668 787 1713 loco

28 1758 97 1805 quem
111 1734 211 1803 elegerat
224 1745 345 1790 Dominus,
363 1747 388 1789 50
405 1745 543 1802 Quomodo?
555 1759 600 1804 qua
613 1750 708 1789 externa
724 1757 787 1790 com-

29 1820 161 1879 positione?
170 1834 223 1865 cum
232 1834 320 1865 summa
334 1819 446 1866 modestia
457 1833 483 1865 no
494 1820 632 1865 reverentia.
642 1819 691 1876 Qua
699 1820 788 1864 interna

27 1896 198 1957 dispositione‘.l
217 1911 269 1943 cum
285 1897 375 1942 sincera
389 1897 518 1950 devotione,
533 1910 624 1941 summa
636 1898 790 1942 aeslimatioue

27 1973 118 2018 Divinae
130 1973 266 2033 hlaJ'eslatis‚
278 1973 486 2032 ardentissimoque
500 1985 586 2017 amore.
597 1975 622 2016 60
632 1971 667 2017 Ad
679 1978 790 2031 quantum

29 2049 139 2108 tempus?
162 2049 185 2094 in
208 2055 345 2108 perpetuum
367 2053 390 2092 et
408 2046 599 2102 irrevocabiliter,
621 2046 680 2092 forte
700 2047 789 2106 adiecta

29 2124 100 2168 etiam
120 2124 173 2170 Voti
194 2124 304 2181 religione
323 2124 351 2168 ad
370 2125 482 2182 majorem
501 2122 542 2167 Dei
566 2121 671 2179 gloriam,
691 2121 791 2181 deniqne

29 2212 99 2259 qnam
112 2199 288 2257 perfectissime.
749 2192 750 2196 ¹

60 2274 98 2319 Sic
111 2274 180 2318 etiam
192 2275 263 2319 Beata
275 2273 346 2331 Virgo
359 2274 507 2333 semetipsam
520 2285 572 2317 eum
584 2270 641 2316 Filio
654 2270 677 2315 in
687 2271 791 2317 holocau-

31 2354 94 2394 stum
105 2347 196 2393 obtulit.
211 2348 287 2405 Qiiam
299 2354 397 2406 gratum,
410 2361 480 2407 qnam
499 2354 620 2406 acceptum
634 2347 682 2391 Deo
703 2348 792 2390 utrius-

31 2437 77 2484 que
88 2421 240 2467 sacrificium!
255 2421 368 2467 Odorctus
379 2428 411 2468 ast
422 2435 478 2466 sane
495 2419 605 2466 Dourians
615 2420 703 2465 odorem
713 2420 791 2465 scruni-

32 2499 88 2544 tutis
104 2497 141 2556 (a).
159 2496 197 2542 Sic
211 2497 267 2543 offer
288 2504 310 2542 te
327 2498 402 2556 ipsum
417 2496 529 2555 quotidie,
542 2496 616 2553 urimo
628 2509 705 2556 mane‚
717 2501 791 2541 totum

32 2574 157 2622 ferventer,
170 2571 352 2618 irrevocabiliter
364 2573 388 2616 in
400 2571 558 2617 holocaustum
572 2571 627 2616 Deo.

55 2678 81 2725 (l)
89 2678 98 2714 l
106 2676 190 2714 Corinth.
198 2686 224 2718 iv,
449 2676 474 2722 iti)
482 2674 546 2713 Genus.
555 2668 595 2713 vin.
