1715 2908
52 75 97 127 74?
220 136 222 142 p
339 53 396 132 nius
432 87 527 132 saxeus

53 188 159 236 materiae
172 201 261 250 semper
273 189 401 238 insistendo
412 192 441 239 ad
453 193 574 240 vitandum
586 192 681 240 taedium
693 196 717 238 et
729 192 812 240 retnis-

54 275 151 309 sionem.

83 339 112 384 tt.
125 345 153 373 ’-
166 338 298 385 Debilitatis
308 340 372 386 vitiis
384 341 414 387 ad
424 341 522 387 uirtutes
533 342 678 403 progredere.
732 339 733 342 ’

84 415 110 458 l⁰
119 414 194 472 Selige
206 427 245 459 eas
254 427 307 474 quae
321 415 362 462 tibi
374 416 480 461 videntur
489 418 563 476 magis
575 414 718 473 necessariae,
730 422 754 464 et
766 417 813 462 tuis

55 489 200 548 passionibus
210 496 234 535 et
244 490 322 548 pravis
334 482 521 538 inclinationibus
534 495 654 553 oppositae.

85 569 110 612 2⁰
121 564 221 622 Singulis
233 565 299 611 aunis
311 579 351 613 eas
362 580 478 625 percurre,
492 581 544 627 quae
554 568 649 615 cuilibet
660 568 759 615 maxime
770 582 812 614 ne-

14 669 16 672 ·
55 640 163 686 cessariae
178 646 233 686 sunt
247 654 252 684 :
264 646 291 687 ut
310 653 365 701 erga
383 641 539 688 humilitatem
557 647 581 687 et
602 643 810 695 mortificationem,

55 727 109 773 erga
121 714 252 773 proximum
264 715 402 764 charitatem
417 722 439 762 et
452 717 660 775 mansuetudinem,
673 731 727 778 erga
739 719 812 764 Deum

55 791 105 850 ejus
114 792 271 851 praesentiam,
285 793 437 839 intentionem
455 791 542 852 gloria,
556 798 645 840 etcum
661 795 711 855 ejus
729 793 812 842 voltur-

54 872 103 912 tate
116 866 314 914 conformitatem.

86 946 112 988 3⁰
123 942 206 991 Divide
220 956 260 991 eas
274 944 297 990 in
309 944 375 992 uaria
392 949 485 1005 puncta,
499 943 611 1006 incipiens
627 959 640 991 a
656 945 811 1005 facilioribns3

54 1018 152 1078 singulis
163 1019 290 1066 insistendo
303 1019 435 1079 quindecim
447 1020 483 1066 vel
496 1026 548 1066 ecto
560 1020 617 1067 dies.

85 1096 111 1139 4⁰
123 1095 241 1141 Praemitte
251 1096 347 1141 affectus
359 1108 399 1142 seu
409 1095 524 1142 desideria
535 1104 557 1141 et
564 1095 687 1155 petitiones
697 1095 758 1142 illius
770 1097 812 1142 vir·

55 1169 121 1214 tutis.
135 1168 223 1215 Deinde
242 1169 332 1216 actibus
349 1169 450 1216 externis
464 1171 536 1230 junge
555 1171 658 1216 internos
675 1170 778 1226 affectus,
790 1177 813 1217 et

55 1243 150 1304 quidem
161 1258 189 1289 ex
200 1243 287 1292 motivo
298 1244 352 1291 talis
364 1245 459 1292 virtutis
469 1246 570 1306 proprio.

85 1321 111 1364 5⁰
125 1319 238 1377 Quaelibet
248 1320 322 1367 virtus
339 1321 461 1380 impugnat
481 1321 563 1367 vitium
582 1321 625 1366 sibi
637 1320 774 1380 oppositum,
789 1325 813 1364 et

55 1394 151 1454 adjuvat
165 1394 276 1440 virtutem
288 1394 332 1441 sibi
343 1394 443 1442 affinem.

84 1468 123 1513 ΙΙΙ.
144 1494 171 1503 -
194 1469 278 1515 Forma
299 1483 340 1515 seu
362 1469 485 1515 methodus
508 1483 521 1514 a
541 1474 622 1516 sancto
642 1469 731 1527 ignatio
750 1482 814 1528 prae-

55 1543 149 1603 scripta,
163 1543 208 1590 tria
221 1550 326 1603 tempora
343 1544 512 1603 complectitur,
528 1544 558 1591 ad
575 1543 769 1603 praeparationem
790 1548 814 1588 et

55 1617 171 1677 duplicem
179 1617 355 1664 discussionem.

85 1691 188 1738 Primum
197 1697 232 1739 est
244 1693 392 1747 matutinum,
405 1704 450 1752 quo
461 1692 596 1751 preponitur
608 1686 706 1750 diligens
718 1691 753 1737 sui
766 1704 813 1737 cus-

57 1767 120 1814 todia
136 1768 247 1814 adversus
263 1767 347 1814 vitium
364 1762 541 1823 emendandum,
555 1765 590 1811 vel
608 1779 649 1826 par
662 1766 765 1814 studium
784 1767 813 1812 ad

55 1843 198 1903 propesitum
210 1843 321 1888 virtutem
335 1842 494 1899 exercendam,
509 1842 579 1888 certis
598 1840 661 1888 horis
680 1841 811 1900 assignatis⁷

54 1918 96 1964 sed
108 1918 138 1964 ad
149 1931 218 1964 mane
230 1923 330 1963 tantum.
685 1931 686 1934 ¹

84 1992 215 2040 Secundum
227 1999 262 2038 est
272 1991 470 2049 meridianum‚ad
481 1992 581 2053 primam
591 1992 627 2038 sui
636 1991 810 2048 discussionem,

55 2073 79 2114 et
91 2057 249 2116 renovandum
259 2068 403 2129 propositum
415 2069 439 2114 iu
449 2068 564 2127 reliquum
574 2067 644 2114 diem

84 2138 189 2189 Tertium
201 2148 237 2190 est
248 2142 383 2197 serotinum,
396 2143 425 2189 ad
441 2143 568 2189 secundum
586 2154 681 2187 examen
697 2148 721 2187 et
740 2140 813 2203 collaa
853 2157 857 2163 ·

55 2218 143 2266 tionem
160 2216 292 2264 defectuum
310 2222 479 2275 annotatorum,
501 2230 569 2277 poena
587 2216 631 2263 sibi
654 2229 695 2276 pro
718 2216 812 2275 singulis

54 2292 172 2354 imposita,
186 2305 239 2338 curn
248 2292 366 2354 preposito
382 2292 514 2352 diligentius
530 2306 555 2339 se
574 2290 704 2349 cohibendi,
714 2292 751 2339 vel
765 2292 813 2337 tera

54 2369 148 2417 ventius
158 2367 280 2415 insistendi
290 2368 396 2428 sequenti
408 2368 454 2415 die.
692 2418 694 2422 Α

84 2445 151 2492 Adde
169 2456 265 2491 examen
288 2444 362 2490 simile
382 2443 478 2504 singulis
495 2444 654 2500 hebdomadis,
675 2443 812 2490 conferendo

55 2521 117 2568 diem
131 2531 184 2567 curn
203 2518 249 2575 die,
262 2517 431 2566 hebdomadam
452 2532 505 2565 eum
523 2519 674 2573 hebdomada,
689 2520 812 2566 minuendo

54 2595 79 2644 in
91 2594 141 2643 dies
152 2594 256 2642 defectus
266 2593 383 2651 uitiorum,
396 2600 419 2640 et
430 2594 543 2641 virtutum
555 2600 621 2641 actus
633 2594 746 2654 augendo.
