1715 2908
216 192 342 226 sueuunAE
361 191 529 226 nuenarianae
547 191 658 227 enerues
766 175 816 227 207

53 295 97 337 est.
110 289 150 336 Est
162 294 240 346 alitem
252 283 364 351 patientia
378 291 454 339 virtus
466 304 513 351 qua
525 290 585 338 mala
595 302 664 352 aequo
684 288 760 334 animo
777 294 815 334 to-

53 367 161 423 leramus,
174 374 197 413 et
208 381 372 414 conservamus
382 368 469 414 honum
485 367 581 413 rationis
597 373 679 414 cantra
696 365 814 411 tristitiam

54 459 82 490 ex
95 445 286 505 malopraesenti.
300 446 372 504 Hujus
392 451 509 506 praecepta
525 444 761 505 complura'Christus
772 443 816 488 de-

53 519 87 564 dit
107 520 233 578 Apostolis.
255 522 280 563 l⁰
300 520 367 565 Beati
387 523 426 579 qni
448 522 531 579 lupent,
546 529 566 566 et
583 521 623 579 md
635 518 814 584 persecutionem

49 593 174 654 patiuntur
184 599 279 653 propter
287 594 412 652 iustitiam.
426 599 452 641 20
469 595 536 640 Beati
550 596 614 640 eritis
628 610 677 640 erim
689 592 814 639 maledicae-

52 668 103 713 rint
118 668 179 713 uobis
198 669 304 722 tornines,
322 676 342 714 et
360 669 473 727 persecuti
494 684 531 714 eos
552 669 648 727 fuerint,
672 670 693 715 et
710 667 814 713 dixerint

52 756 114 787 omine
130 743 214 788 rnatum
231 742 349 788 aduersum
366 757 412 796 eos,
424 743 555 789 mentientes
567 749 663 802 propter
674 756 736 787 me...
755 755 814 801 pau-

52 818 99 863 dite
108 820 166 877 (ll...
177 819 205 863 ln
214 819 327 877 patientia
339 825 415 864 uestra
423 819 564 878 possidebitis
576 820 664 864 animas
674 825 761 863 oestrus
772 819 811 877 ld).

49 896 99 940 an
121 896 236 956 pertinent
254 893 321 953 plura
333 894 439 954 superius
452 893 530 939 allata.

82 970 198 1017 Puuerun
210 970 238 1015 ll.
253 995 279 1004 —
291 969 401 1030 Exempla
419 970 513 1016 Christi.
527 970 585 1015 Tota
597 970 647 1029 ejus
663 970 712 1015 vita
722 968 814 1014 exerci-

53 1046 111 1091 tium
125 1045 244 1106 patientiae
260 1046 310 1101 luit,
323 1060 440 1107 nunquam
460 1047 628 1092 intermissum.
639 1045 744 1103 Quatuor
761 1051 815 1091 sunt

51 1122 171 1183 patientia
189 1123 287 1181 omenta,
306 1122 397 1168 dolores
415 1123 501 1168 interni
520 1129 543 1167 et
562 1124 659 1178 externi,
679 1129 812 1181 paupertas,

53 1213 93 1244 seu
107 1206 205 1258 egestas,
213 1206 235 1244 et
247 1199 382 1256 ignominia.
395 1199 437 1243 His
453 1199 559 1243 amnibus
572 1198 678 1244 Christus
696 1202 815 1243 saturatus

52 1272 103 1325 fuit,
114 1286 187 1332 usque
207 1272 236 1317 ab
253 1278 328 1326 utera,
342 1272 366 1316 in
383 1272 431 1317 vita
448 1273 548 1331 privata,
561 1273 584 1316 in
602 1272 703 1331 publica,
716 1272 740 1315 in
759 1285 816 1330 pas-

52 1348 125 1401 sione,
136 1348 161 1390 in
179 1351 261 1391 morte.
275 1347 300 1390 In
319 1347 410 1405 privata
427 1354 480 1391 sunt
497 1347 642 1404 paupertatis
658 1346 814 1402 incommoda,

52 1420 117 1466 labor
129 1421 244 1476 assiduus,
256 1411 394 1465 humiliatio.
407 1421 433 1465 ln
451 1420 541 1478 publiea
560 1426 670 1464 constans
681 1421 767 1479 inopia,
780 1420 816 1464 la-

51 1496 119 1541 bores
130 1494 247 1548 indefessi,
261 1495 378 1540 continue
395 1495 577 1553 persecutiones.
592 1495 618 1539 ln
637 1494 746 1552 passione
765 1501 815 1539 lor-

52 1575 131 1615 menta
149 1575 172 1614 et
193 1568 324 1629 opprobria,
338 1568 453 1628 usquead
475 1576 574 1613 mortem
586 1567 662 1614 crucis
679 1567 814 1613 crudelissi-

53 1660 114 1691 mam
138 1645 206 1690 simul
225 1650 248 1690 et
265 1643 517 1704 ignominiosissimam.
537 1643 595 1702 Quid
618 1643 733 1690 malorum
753 1644 814 1690 ultra

54 1722 105 1768 addi
124 1720 217 1781 potest?
234 1726 257 1766 et
276 1719 391 1780 quomodo
411 1719 457 1766 ista
473 1721 551 1766 omnia
568 1719 681 1780 pertulit?
699 1720 814 1779 patienter

53 1798 102 1842 sine
114 1795 215 1856 querela,
227 1795 330 1842 suaviter
342 1796 392 1839 sine
403 1795 438 1839 ira
454 1800 495 1839 aut
510 1795 672 1850 commotione,
687 1795 814 1854 gaudenter

53 1884 105 1916 cnm
117 1870 291 1925 benedictinum
303 1870 336 1914 ita
355 1875 380 1913 ut
400 1870 424 1913 in
440 1883 508 1914 cruce
521 1871 620 1928 primam
635 1884 678 1929 pro
690 1871 813 1915 crucifixo-

52 1946 116 1990 rihus
126 1950 149 1989 et
161 1943 325 1989 insultantibus
341 1950 427 1988 oraret.
441 1943 545 1989 Christus
555 1958 635 2001 passus
646 1949 677 1987 est
685 1958 729 2001 pro
741 1944 813 1996 itatis,

53 2018 111 2063 uoltis
122 2019 251 2077 relinquens
263 2016 394 2075 eneutplum,
406 2022 433 2061 ut
441 2017 566 2074 remeamini
575 2017 669 2075 nestipin
684 2017 731 2075 ejus
744 2019 781 2074 (3).

82 2095 198 2139 Pnucrunr
208 2092 247 2137 ΙΙΙ.
261 2089 460 2150 —Apostolorum
472 2090 582 2136 imitatio.
594 2091 744 2151 Apostolatns
763 2092 815 2137 illo-

53 2182 103 2213 rum
113 2155 156 2214 fuit
167 2167 238 2214 etiam
249 2172 387 2227 perpetuum
405 2166 526 2225 patientiae
544 2166 688 2212 exercitium.
706 2167 778 2227 Usque
789 2166 815 2213 in

52 2244 204 2298 tarichorum,
218 2243 293 2303 inquit
306 2236 397 2296 Paulus,
411 2247 436 2288 et,
445 2242 566 2297 esurimus,
578 2249 599 2288 et
612 2241 713 2297 sitimus,
726 2249 745 2288 et
758 2240 815 2288 nitidi

52 2334 135 2374 sumtis,
149 2326 170 2366 et
182 2319 279 2379 colaphis
293 2318 409 2372 caedimur,
419 2323 440 2363 et
456 2317 572 2365 instabiles
583 2333 670 2373 sumas,
684 2324 706 2367 et
722 2319 814 2366 labora-

51 2410 100 2442 mus
116 2402 234 2455 operantes
252 2394 356 2441 mortibus
370 2394 463 2447 nostris,
482 2394 641 2440 maledicimur
660 2401 682 2442 et
702 2393 813 2440 benedici-

52 2483 109 2523 mus,
126 2478 166 2514 ete.
178 2471 216 2528 (l).
230 2471 258 2515 Et
271 2470 326 2515 alibi
338 2484 343 2512 z
355 2469 489 2513 Benedictus
501 2470 569 2522 Deris,
577 2469 616 2527 qni
632 2471 762 2516 consolatur
773 2483 814 2513 itas

53 2542 77 2587 in
89 2544 149 2589 oanni
168 2544 314 2590 tribulatione
331 2549 417 2596 nostra,
434 2549 460 2588 ut
472 2547 583 2602 possintne
603 2551 623 2589 et
643 2545 687 2602 ipsi
703 2543 814 2590 correctori

75 2665 100 2706 (ll
110 2663 176 2698 llatth.
186 2675 204 2698 s.
467 2664 492 2705 (3)
502 2664 568 2697 ll’ntr.
578 2674 597 2697 rr.

77 2709 103 2754 tt]
112 2711 155 2746 Lue.
166 2718 204 2744 xxi.
466 2710 492 2753 a)
501 2708 509 2744 1
519 2707 602 2746 Corinth.
611 2719 638 2745 rr.
