1715 2908
233 197 359 231 succuum
377 196 545 231 uuanouunca
563 196 659 230 paruus
779 183 826 232 121

69 295 144 339 cuisse
158 309 162 338 :
176 295 237 353 uirod
257 295 356 339 manime
380 295 489 353 praestitit
512 296 534 338 in
556 294 744 340 circumcisione.
768 296 828 341 Nam

69 370 94 413 l⁰
108 369 156 427 ujus
169 363 275 415 Personae
287 369 384 424 Divinae,
393 375 416 414 et
426 369 509 414 animae
521 369 595 415 beatae
607 382 691 427 corpus
702 368 827 426 gloriosum

69 451 92 487 et
107 442 247 501 impassibile
262 442 401 500 debebatur,
414 441 524 503 passibile
545 442 605 487 ultro·
621 442 754 502 assumpsit,
768 444 827 489 utin

69 530 95 561 eo
117 519 143 562 ad
169 518 265 577 gloriam
286 517 369 572 Patris,
391 517 540 576 salutemque
564 525 666 567 nostram
694 522 826 577 catenatum

70 597 95 640 2⁰
108 606 151 637 non
175 593 257 651 egebat
268 593 455 648 circumcisione,
467 598 547 652 utpote
568 592 729 652 peccatoribus
742 600 764 636 et
777 607 828 638 ser-

70 668 104 713 vis
116 667 229 713 destinata
238 681 307 724 poem
323 668 371 727 ipse
383 675 437 715 esset
450 673 549 722 sanctus,
562 667 674 721 iuuoceus,
690 668 828 728 impollutus,

69 750 195 803 seprrputus
214 758 228 788 u
245 743 398 801 peccatoribus
414 744 473 800 (ll...
485 749 508 788 et
527 743 664 802 [inigenitus
681 744 720 788 Dei
734 743 826 789 Filius:

69 828 92 863 et
109 825 185 863 tamen
205 818 276 871 illam,
289 826 313 864 ut
332 833 383 864 cum
407 819 445 863 illa
468 818 598 864 universam
621 817 693 876 legem
715 825 826 874 veterem,

69 895 174 954 quamuis
188 907 281 953 gravem
300 894 376 940 subire
393 894 477 950 voluit;
490 897 516 939 3⁰
535 894 683 939 circumcisio
706 895 828 941 uidebatur

68 968 132 1013 illum
142 970 263 1022 dedecere,
281 970 417 1029 deprimere,
432 975 455 1014 et
468 970 541 1028 gratis
554 969 666 1022 cruciare,
681 968 828 1014 nihilominus

68 1045 131 1089 illam
148 1045 249 1103 suscepit
269 1045 296 1089 ad
310 1045 406 1103 gloriam
425 1046 508 1100 Patris,
521 1050 544 1089 et
563 1043 693 1103 exemplum
715 1050 827 1089 nostrum.

68 1120 154 1164 Pudeat
167 1126 188 1164 te
201 1133 247 1164 non
260 1119 345 1165 imitari
359 1120 473 1165 christum
484 1121 571 1178 Regem
583 1125 660 1173 tuum,
671 1120 693 1162 in
705 1118 829 1177 qualicum-

68 1209 112 1254 que
120 1195 179 1252 juris
192 1195 225 1238 tui
237 1195 340 1238 cessione
355 1208 359 1237 :
374 1199 397 1238 et
408 1185 479 1239 disce*
488 1195 529 1238 Dei
542 1193 623 1251 gloriae
635 1207 663 1239 ao
679 1192 724 1252 legi
742 1194 829 1239 seruire

69 1270 92 1313 in
103 1267 217 1320 omnibus,
231 1269 323 1313 tametsi
336 1276 358 1313 te
366 1269 418 1327 jure
431 1269 531 1313 eximere
543 1269 624 1327 possis.

97 1346 213 1390 Paucum
224 1345 251 1388 n.
265 1370 291 1376 -
303 1331 450 1389 utoirtucarro
465 1343 549 1402 cupae
561 1348 596 1388 est
609 1358 613 1387 :
628 1344 727 1398 interna,
742 1356 795 1403 que
807 1343 828 1388 tn

67 1420 168 1465 motibus
183 1420 252 1463 anirni
272 1417 406 1464 coercendis
424 1424 447 1489 pt
461 1418 607 1473 edomandis;
619 1425 642 1464 et
660 1425 764 1473 externa,
777 1432 829 1478 quae

67 1497 90 1540 iu
105 1495 181 1541 carnis
194 1493 318 1539 afflictione
331 1493 445 1539 consistit.
458 1493 587 1554 Utramque
598 1495 711 1539 Dominus
726 1496 829 1539 exercuit

67 1571 90 1615 in
107 1569 295 1624 Circumcisione,
310 1570 447 1614 caeremonia
461 1569 577 1628 inprimis
593 1568 708 1625 dolorosa,
725 1575 748 1614 et
760 1569 827 1613 simul

66 1646 228 1704 ignominiosa.
243 1645 269 1687 l0
281 1642 339 1699 Quia
354 1650 432 1688 tenera
445 1642 552 1688 infantuli
566 1657 619 1689 caro
632 1643 762 1697 secabatur,
778 1643 829 1688 cul-

68 1727 102 1764 tro
114 1719 173 1763 forte
188 1718 286 1776 lapideo,
303 1718 325 1761 in
342 1722 408 1776 parte
420 1717 544 1762 admodum
556 1716 658 1762 sensibili
673 1724 713 1762 :et
726 1709 791 1761 dolor
806 1718 828 1762 in

68 1793 157 1838 Christo
172 1792 264 1850 grauior
280 1797 339 1844 erat,
361 1797 410 1834 tum
429 1804 457 1835 ex
479 1790 637 1849 complexione
651 1793 701 1851 ejus
718 1791 826 1846 delicata,

67 1874 115 1912 turn
130 1880 159 1911 ex
171 1859 268 1910 rationis
279 1877 330 1917 usu,
343 1876 388 1923 quo
400 1866 471 1909 ictum
484 1872 507 1908 et
520 1866 594 1909 aciem
607 1864 674 1910 cultri
689 1865 827 1925 praesentie-

66 1943 114 1987 bat.
129 1945 154 1985 ⁶2⁰
168 1939 226 1997 Quia
241 1946 290 1984 erat
309 1938 429 1983 character
444 1940 574 1997 peccatoris
587 1944 610 1983 ot
622 1939 695 1995 servi;
710 1939 749 1998 qui
761 1945 828 1983 uter-

66 2031 111 2076 que
120 2016 210 2061 Christo
222 2013 372 2074 repugnabat,
386 2026 428 2057 nec
438 2012 487 2057 sine
500 2012 625 2071 ignominia
637 2012 715 2072 affingi
726 2020 826 2073 poterat,

66 2098 176 2137 ettamen
190 2089 255 2134 illum
267 2088 327 2133 ultro
340 2087 449 2146 suscepit,
465 2086 540 2132 lactus
554 2086 761 2133 insimilitudinum
774 2103 828 2133 cur-

65 2166 101 2211 uis
109 2164 195 2224 pcccati
204 2165 243 2223 (ἑὲ).
255 2163 300 2217 Qut
315 2162 401 2208 christi
411 2168 472 2215 suini,
486 2176 576 2225 curuum
587 2175 651 2207 suum
662 2163 826 2222 crucifixerunt

65 2255 114 2286 cuum
125 2239 189 2284 uitiis
200 2245 221 2283 ct
241 2237 424 2296 concupiscentiis
441 2236 488 2281 stris
506 2237 542 2296 (3).
558 2238 621 2282 Tunc
636 2251 664 2282 cx
675 2237 720 2282 illis
735 2239 776 2284 es?
789 2240 827 2298 ptri

65 2316 123 2362 lrurzc
135 2314 223 2362 Christi
234 2313 342 2373 spiritum
355 2326 399 2357 ooo
411 2311 484 2366 lubet,
496 2313 531 2358 bic
541 2327 585 2358 rtou
596 2317 628 2357 cst
638 2312 686 2371 ejtts
698 2314 735 2374 lt).
815 2300 816 2303 Ἰ

95 2393 210 2438 Puucruu
222 2390 260 2443 ΙΙΙ.
278 2415 308 2423 -
320 2387 498 2434 Circumciditur
512 2391 577 2444 Puer,
596 2394 619 2434 et
635 2397 734 2436 uocatur
751 2392 825 2436 lesus,

63 2468 172 2526 Magnum
188 2463 336 2524 lllysteriuml
359 2463 417 2518 Quia
436 2463 566 2510 brzrmiliaolt
583 2464 732 2525 semetipsum,
753 2464 827 2526 factrus

88 2661 225 2708 (l)Hebr'.vr1.
259 2706 260 2709 Ἴ
307 2701 309 2704 ,
481 2658 508 2704 (3)
516 2658 577 2694 Galat.
586 2670 604 2696 v.

86 2707 113 2754 (2)
122 2708 199 2747 Roman.
208 2714 249 2743 iria.
482 2704 510 2750 lli)
518 2704 597 2743 Roman.
605 2716 644 2743 viu.
655 2716 657 2718 ·
