1715 2908
213 185 317 221 enarres
334 178 502 221 Hennensem
519 187 615 221 earnes
746 170 799 217 237*

38 280 118 334 eaada,
131 295 191 326 aretae
201 282 294 341 petenda
303 282 423 337 aaaitiaee,
435 296 496 327 aerea
504 283 593 342 arettas
605 280 689 342 aeeada
702 279 727 324 de
739 280 796 324 ecri-

38 356 91 403 tatis
104 356 261 415 irrtetliaeatia.
524 393 526 395 -

65 433 90 474 30
103 430 233 488 Religiosus
244 430 356 478 allaboret
369 438 394 477 ut
411 430 486 477 tatum
497 432 600 477 studium
614 445 683 477 sunm
701 443 792 475 sacrum

35 506 64 553 sit
75 509 99 550 et
109 504 221 559 divinam,
233 506 353 566 Deumque
369 520 460 566 semper
473 512 610 566 praesentem
627 506 725 561 habeat3
740 509 793 549 ante

35 580 139 628 studium
149 594 189 639 per
204 581 362 636 intentionem,
375 583 397 627 in
410 582 488 627 studio
501 596 541 641 per
554 583 727 641 aspirationem,
743 585 796 638 past

37 653 138 702 studium
151 669 192 714 per
203 655 304 700 reditum
317 656 440 715 adipsum,
456 663 480 700 nt
493 657 522 702 ad
533 663 646 702 centrum.
686 708 687 717 ἵ

65 729 103 775 IV.
117 755 144 762 -
153 730 203 774 Jam
217 731 292 788 quaed
303 731 380 776 stadia
393 732 524 785 sacietatis,
539 731 626 789 Regula
639 729 797 775 Scholastica-

37 818 87 851 rum
100 804 174 863 prima
186 804 237 849 haee
249 811 284 849 est
297 819 301 848 :
315 807 395 851 Aairae'
405 807 533 865 paritatem
548 806 667 858 custodire,
681 810 796 849 atrectare
836 861 838 871 ‚

35 879 60 925 e'a
72 879 154 924 stadiis
162 879 209 924 sais
221 879 367 925 ireteatiaaere
380 881 469 934 habere,
486 880 616 926 Scholastica
628 879 702 926 reastre'
714 894 797 925 carrea-

38 960 89 1008 targ
101 952 159 998 nihii
169 952 232 999 aldred
244 953 269 998 ie
281 953 323 1008 itis,
331 969 396 1013 aream
410 954 510 999 dieireaee
523 954 619 1014 adoriam
634 960 653 998 et
665 953 796 998 animarem

37 1027 150 1073 acediam
163 1034 284 1087 qaaereretes
290 1042 298 1084 ,·
310 1029 340 1073 ad
356 1029 414 1074 haee
426 1024 487 1073 caiae
496 1042 585 1088 scopare
595 1028 672 1073 stadia
680 1027 797 1073 Societatis

38 1104 179 1163 diriaaetar.
194 1106 226 1151 Et
242 1104 350 1165 aratiam,
362 1112 387 1151 at
406 1105 431 1150 ie
447 1105 552 1151 dactriaa
570 1104 701 1163 proficicet,
721 1104 797 1150 erebra

35 1184 121 1238 pataret.
134 1179 239 1225 Secunda
254 1194 258 1223 :
270 1179 334 1224 Seria
347 1186 368 1225 et
377 1185 505 1225 caedereter
516 1179 546 1225 ad
557 1180 635 1225 stedia
644 1179 746 1224 aairaare
756 1179 798 1222 ad-

35 1253 127 1312 jiciant,
141 1259 190 1297 et...
203 1253 246 1297 siti
256 1254 410 1312 persuadeant
425 1255 484 1299 attat
495 1256 585 1313 aeetias
600 1269 622 1298 se
640 1253 685 1298 Dea
697 1252 798 1311 factaras

38 1327 63 1371 ia
79 1327 183 1387 calleatis,
201 1341 266 1385 qaam
279 1327 300 1372 se'
312 1343 336 1373 ea
350 1328 473 1373 iateatiarea
490 1329 572 1374 stadiis
584 1343 606 1373 se
619 1327 741 1386 diiiaeater
753 1326 798 1370 e'ra-

38 1402 145 1460 peadaret,
159 1401 192 1447 Et
202 1402 252 1447 ticet
266 1416 382 1461 rearrsqaaae
392 1404 421 1447 ad
437 1417 463 1447 ea
477 1418 526 1461 areae
538 1402 661 1447 didicerint
677 1400 800 1446 acerreada

37 1476 180 1534 perveniant,
193 1476 257 1522 diam
270 1483 345 1522 tamea
364 1477 579 1523 stridendi-laterem
597 1492 624 1523 ea
642 1474 767 1521 obedientia
780 1481 798 1520 et

39 1553 150 1599 charitate
160 1559 284 1611 susceptare
295 1567 348 1612 aeas
357 1567 401 1599 esse
412 1553 490 1613 neaerae
502 1553 580 1598 meriti
592 1553 617 1598 ie
627 1561 746 1611 aaaespecte
757 1551 800 1595 Dei

39 1626 100 1686 apad
110 1641 132 1672 se
141 1632 252 1672 stataaret.

68 1702 96 1747 V.
111 1728 138 1735 -
148 1701 228 1747 Praxis
239 1690 355 1747 studendi.

69 1778 95 1821 4⁰
110 1780 170 1822 Ante
190 1777 312 1836 praemitte,
328 1776 394 1821 flexis
412 1777 517 1836 genibus,
535 1790 588 1822 cum
609 1782 690 1821 sanato
712 1776 800 1821 Thema

40 1851 188 1896 arationem:
208 1850 303 1896 Creator
321 1850 447 1909 ineffabilis,
472 1851 508 1895 vel
528 1868 534 1896 2
555 1852 591 1896 Da
612 1850 677 1904 radii,
696 1850 799 1905 Bactriae,

41 1924 126 1970 sediaae
145 1930 238 1970 taetram
259 1925 394 1970 assistricem
414 1924 559 1984 sapientiam,
572 1932 599 1971 eet
622 1939 705 1969 mecam
727 1924 758 1969 sit
780 1931 800 1968 et

40 2014 123 2044 mecam
137 1999 231 2052 taboret,
244 2006 268 2044 at
279 1998 346 2043 seiam
357 1999 410 2058 qaid
422 2005 534 2058 acceptam
544 2000 573 2043 sit
586 1998 647 2058 arrad
663 2005 692 2051 te,
704 1998 801 2043 Dareine

42 2075 109 2121 Deas.
122 2075 212 2121 Senserit
221 2081 294 2120 aeteae
306 2081 368 2119 teeaera
378 2077 428 2134 areis
438 2076 500 2128 sciet,
511 2074 556 2119 aisi
569 2080 594 2120 ta
606 2073 693 2118 (dederis
709 2073 801 2133 sapien-

41 2152 105 2205 tiam,
119 2158 140 2197 et
150 2148 365 2210 aetsertsSptraaa
378 2152 483 2197 Saeatara
502 2157 566 2197 taam
582 2151 608 2195 de
626 2150 801 2210 altissimisttt‘?

71 2231 97 2274 2⁰
107 2227 202 2273 Libram
210 2228 247 2273 vel
260 2226 374 2272 calamam
386 2226 506 2285 arripiens,
520 2227 557 2272 dis
569 2241 573 2269 :
590 2225 631 2271 Tet
644 2225 685 2270 tibi
697 2224 744 2271 siat
755 2227 802 2272 tae·

42 2302 87 2356 des,
98 2302 161 2356 Jesa,
175 2308 227 2362 qaat
239 2307 367 2362 ararreraata
376 2300 461 2356 scriba·
474 2300 510 2346 vel
523 2301 578 2361 quid
590 2300 674 2346 simite.

72 2381 97 2423 3⁰
108 2378 134 2423 In
146 2377 196 2436 ipsa
209 2378 285 2423 studia
299 2378 400 2422 animum
413 2377 531 2422 interdum
544 2376 571 2422 ad
587 2377 660 2420 Deam
676 2375 764 2432 attolle,
778 2384 802 2421 at

43 2465 113 2513 sirpra
124 2453 213 2498 dictum
225 2459 267 2508 est,
281 2452 345 2497 verb.
357 2465 392 2510 gr.
405 2452 433 2498 ad
446 2451 538 2512 pulsam
550 2452 621 2497 harae.

73 2531 98 2574 4⁰
106 2529 173 2575 Ultra
185 2528 243 2574 duas
256 2529 325 2574 haras
336 2528 412 2573 stadia
430 2541 458 2573 ne
469 2527 598 2583 incumbas,
608 2526 659 2574 sine
671 2527 750 2589 aliqua
764 2527 804 2572 in-

43 2604 194 2665 terruptione,
206 2606 274 2664 juxta
285 2603 374 2664 Regni·

68 2695 95 2742 (t)
102 2694 187 2743 sapient.
196 2705 221 2733 ιι.
