<?xml version="1.0" encoding="UTF-8"?>
<!DOCTYPE html PUBLIC "-//W3C//DTD XHTML 1.0 Transitional//EN"
    "http://www.w3.org/TR/xhtml1/DTD/xhtml1-transitional.dtd">
<html xmlns="http://www.w3.org/1999/xhtml" xml:lang="en" lang="en">
 <head>
  <title>
</title>
<meta http-equiv="Content-Type" content="text/html;charset=utf-8" />
  <meta name='ocr-system' content='tesseract 3.04.00' />
  <meta name='ocr-capabilities' content='ocr_page ocr_carea ocr_par ocr_line ocrx_word'/>
</head>
<body>
  <div class='ocr_page' id='page_1' title='image "MN5052ucmf_3_0137.png"; bbox 0 0 1715 2908; ppageno 0'>
   <div class='ocr_carea' id='block_1_1' title="bbox 59 146 555 200">
    <p class='ocr_par' dir='ltr' id='par_1_1' title="bbox 59 146 555 200">
     <span class='ocr_line' id='line_1_1' title="bbox 59 146 555 200; baseline 0.006 -3"><span class='ocrx_word' id='word_1_1' title='bbox 59 148 108 197; x_wconf 77' lang='lat'>124</span> <span class='ocrx_word' id='word_1_2' title='bbox 329 164 385 199; x_wconf 78' lang='lat' dir='ltr'>ntes</span> <span class='ocrx_word' id='word_1_3' title='bbox 403 146 555 200; x_wconf 55' lang='lat' dir='ltr'>uunucruus&#39;</span> 
     </span>
    </p>
   </div>
   <div class='ocr_carea' id='block_1_2' title="bbox 54 261 823 2720">
    <p class='ocr_par' dir='ltr' id='par_1_2' title="bbox 58 261 822 396">
     <span class='ocr_line' id='line_1_2' title="bbox 89 261 822 321; baseline 0.003 -15"><span class='ocrx_word' id='word_1_4' title='bbox 89 261 117 306; x_wconf 91' lang='lat' dir='ltr'>ll.</span> <span class='ocrx_word' id='word_1_5' title='bbox 131 262 236 308; x_wconf 85' lang='lat' dir='ltr'>-Circa</span> <span class='ocrx_word' id='word_1_6' title='bbox 249 267 346 321; x_wconf 90' lang='lat' dir='ltr'>peccata</span> <span class='ocrx_word' id='word_1_7' title='bbox 360 266 440 308; x_wconf 89' lang='lat' dir='ltr'>contra</span> <span class='ocrx_word' id='word_1_8' title='bbox 454 266 532 307; x_wconf 90' lang='lat' dir='ltr'>votum</span> <span class='ocrx_word' id='word_1_9' title='bbox 548 261 700 320; x_wconf 76' lang='lat' dir='ltr'>paupertatis,</span> <span class='ocrx_word' id='word_1_10' title='bbox 714 261 822 308; x_wconf 90' lang='lat' dir='ltr'>conside-</span> 
     </span>
     <span class='ocr_line' id='line_1_3' title="bbox 58 335 625 396; baseline 0 -15"><span class='ocrx_word' id='word_1_11' title='bbox 58 336 131 382; x_wconf 88' lang='lat' dir='ltr'>randa</span> <span class='ocrx_word' id='word_1_12' title='bbox 143 349 221 383; x_wconf 86' lang='lat' dir='ltr'>eorum</span> <span class='ocrx_word' id='word_1_13' title='bbox 234 335 331 393; x_wconf 81' lang='lat' dir='ltr'>malitia,</span> <span class='ocrx_word' id='word_1_14' title='bbox 345 338 441 396; x_wconf 90' lang='lat' dir='ltr'>species,</span> <span class='ocrx_word' id='word_1_15' title='bbox 456 337 625 383; x_wconf 87' lang='lat' dir='ltr'>excusationes.</span> 
     </span>
    </p>

    <p class='ocr_par' dir='ltr' id='par_1_3' title="bbox 58 410 822 1135">
     <span class='ocr_line' id='line_1_4' title="bbox 90 410 822 474; baseline 0.003 -18"><span class='ocrx_word' id='word_1_16' title='bbox 90 412 115 456; x_wconf 72' lang='lat' dir='ltr'>,to</span> <span class='ocrx_word' id='word_1_17' title='bbox 131 411 219 457; x_wconf 85' lang='lat' dir='ltr'>lllalitia</span> <span class='ocrx_word' id='word_1_18' title='bbox 229 410 315 472; x_wconf 78' lang='lat' dir='ltr'>duplex</span> <span class='ocrx_word' id='word_1_19' title='bbox 327 420 362 457; x_wconf 92' lang='lat' dir='ltr'>est</span> <span class='ocrx_word' id='word_1_20' title='bbox 375 426 380 457; x_wconf 79' lang='lat' dir='ltr'><em>z</em></span> <span class='ocrx_word' id='word_1_21' title='bbox 393 425 439 457; x_wconf 91' lang='lat' dir='ltr'>una</span> <span class='ocrx_word' id='word_1_22' title='bbox 452 411 507 457; x_wconf 88' lang='lat' dir='ltr'>furti</span> <span class='ocrx_word' id='word_1_23' title='bbox 525 421 604 457; x_wconf 84' lang='lat' dir='ltr'>contra</span> <span class='ocrx_word' id='word_1_24' title='bbox 617 411 742 472; x_wconf 90' lang='lat' dir='ltr'>septimum</span> <span class='ocrx_word' id='word_1_25' title='bbox 760 426 822 474; x_wconf 84' lang='lat' dir='ltr'>prae-</span> 
     </span>
     <span class='ocr_line' id='line_1_5' title="bbox 59 487 820 552; baseline 0.003 -20"><span class='ocrx_word' id='word_1_26' title='bbox 59 493 159 547; x_wconf 78' lang='lat' dir='ltr'>ceptum.</span> <span class='ocrx_word' id='word_1_27' title='bbox 181 487 254 533; x_wconf 83' lang='lat' dir='ltr'>altera</span> <span class='ocrx_word' id='word_1_28' title='bbox 272 488 387 547; x_wconf 86' lang='lat' dir='ltr'>sacrilegii</span> <span class='ocrx_word' id='word_1_29' title='bbox 404 493 484 533; x_wconf 87' lang='lat' dir='ltr'>contra</span> <span class='ocrx_word' id='word_1_30' title='bbox 503 488 630 533; x_wconf 90' lang='lat' dir='ltr'>secundum</span> <span class='ocrx_word' id='word_1_31' title='bbox 651 493 795 552; x_wconf 83' lang='lat' dir='ltr'>praeceplum</span> <span class='ocrx_word' id='word_1_32' title='bbox 814 503 820 534; x_wconf 89' lang='lat'><em>:</em></span> 
     </span>
     <span class='ocr_line' id='line_1_6' title="bbox 59 561 822 622; baseline 0 -15"><span class='ocrx_word' id='word_1_33' title='bbox 59 561 113 622; x_wconf 88' lang='lat' dir='ltr'>quia</span> <span class='ocrx_word' id='word_1_34' title='bbox 126 563 227 620; x_wconf 78' lang='lat' dir='ltr'>disponit</span> <span class='ocrx_word' id='word_1_35' title='bbox 241 563 269 607; x_wconf 93' lang='lat' dir='ltr'>de</span> <span class='ocrx_word' id='word_1_36' title='bbox 286 577 311 608; x_wconf 89' lang='lat' dir='ltr'>re</span> <span class='ocrx_word' id='word_1_37' title='bbox 329 576 374 608; x_wconf 91' lang='lat' dir='ltr'>non</span> <span class='ocrx_word' id='word_1_38' title='bbox 387 574 428 607; x_wconf 89' lang='lat' dir='ltr'>sua</span> <span class='ocrx_word' id='word_1_39' title='bbox 445 570 527 608; x_wconf 87' lang='lat' dir='ltr'>contra</span> <span class='ocrx_word' id='word_1_40' title='bbox 539 562 683 609; x_wconf 85' lang='lat' dir='ltr'>voluntatem</span> <span class='ocrx_word' id='word_1_41' title='bbox 696 562 822 621; x_wconf 68' lang='lat' dir='ltr'>Religionis</span> 
     </span>
     <span class='ocr_line' id='line_1_7' title="bbox 58 636 822 698; baseline 0 -15"><span class='ocrx_word' id='word_1_42' title='bbox 58 644 81 683; x_wconf 88' lang='lat' dir='ltr'>et</span> <span class='ocrx_word' id='word_1_43' title='bbox 92 638 269 698; x_wconf 82' lang='lat' dir='ltr'>promissionem</span> <span class='ocrx_word' id='word_1_44' title='bbox 280 639 327 683; x_wconf 87' lang='lat' dir='ltr'>Deo</span> <span class='ocrx_word' id='word_1_45' title='bbox 339 638 432 684; x_wconf 86' lang='lat' dir='ltr'>factam.</span> <span class='ocrx_word' id='word_1_46' title='bbox 444 637 509 683; x_wconf 84' lang='lat' dir='ltr'>Unde</span> <span class='ocrx_word' id='word_1_47' title='bbox 523 645 629 697; x_wconf 83' lang='lat' dir='ltr'>utraque,</span> <span class='ocrx_word' id='word_1_48' title='bbox 642 636 712 682; x_wconf 88' lang='lat' dir='ltr'>etiam</span> <span class='ocrx_word' id='word_1_49' title='bbox 726 651 822 697; x_wconf 86' lang='lat' dir='ltr'>separa-</span> 
     </span>
     <span class='ocr_line' id='line_1_8' title="bbox 58 711 822 772; baseline 0.001 -15"><span class='ocrx_word' id='word_1_50' title='bbox 58 713 109 765; x_wconf 66' lang='lat' dir='ltr'>tim,</span> <span class='ocrx_word' id='word_1_51' title='bbox 124 727 153 758; x_wconf 82' lang='lat' dir='ltr'>ex</span> <span class='ocrx_word' id='word_1_52' title='bbox 164 726 248 771; x_wconf 77' lang='lat' dir='ltr'>genere</span> <span class='ocrx_word' id='word_1_53' title='bbox 263 726 304 757; x_wconf 90' lang='lat' dir='ltr'>suo</span> <span class='ocrx_word' id='word_1_54' title='bbox 320 712 424 758; x_wconf 87' lang='lat' dir='ltr'>mortalis</span> <span class='ocrx_word' id='word_1_55' title='bbox 436 720 472 756; x_wconf 89' lang='lat' dir='ltr'>est</span> <span class='ocrx_word' id='word_1_56' title='bbox 489 726 494 755; x_wconf 90' lang='lat'>:</span> <span class='ocrx_word' id='word_1_57' title='bbox 512 718 590 771; x_wconf 82' lang='lat' dir='ltr'>potest</span> <span class='ocrx_word' id='word_1_58' title='bbox 601 711 740 771; x_wconf 86' lang='lat' dir='ltr'>quandoque</span> <span class='ocrx_word' id='word_1_59' title='bbox 753 726 822 772; x_wconf 89' lang='lat' dir='ltr'>sepa-</span> 
     </span>
     <span class='ocr_line' id='line_1_9' title="bbox 59 787 822 846; baseline -0.001 -13"><span class='ocrx_word' id='word_1_60' title='bbox 59 789 114 834; x_wconf 89' lang='lat' dir='ltr'>rari.</span> <span class='ocrx_word' id='word_1_61' title='bbox 128 790 154 832; x_wconf 87' lang='lat' dir='ltr'>l⁰</span> <span class='ocrx_word' id='word_1_62' title='bbox 171 789 267 833; x_wconf 84' lang='lat' dir='ltr'>blateria</span> <span class='ocrx_word' id='word_1_63' title='bbox 283 787 360 846; x_wconf 85' lang='lat' dir='ltr'>grauis</span> <span class='ocrx_word' id='word_1_64' title='bbox 371 788 451 832; x_wconf 87' lang='lat' dir='ltr'>eadem</span> <span class='ocrx_word' id='word_1_65' title='bbox 465 792 500 832; x_wconf 89' lang='lat' dir='ltr'>est</span> <span class='ocrx_word' id='word_1_66' title='bbox 511 799 564 845; x_wconf 82' lang='lat' dir='ltr'>quae</span> <span class='ocrx_word' id='word_1_67' title='bbox 577 789 599 831; x_wconf 92' lang='lat' dir='ltr'>in</span> <span class='ocrx_word' id='word_1_68' title='bbox 616 788 685 840; x_wconf 84' lang='lat' dir='ltr'>t&#39;urto,</span> <span class='ocrx_word' id='word_1_69' title='bbox 700 793 725 830; x_wconf 91' lang='lat' dir='ltr'>ut</span> <span class='ocrx_word' id='word_1_70' title='bbox 743 787 822 832; x_wconf 91' lang='lat' dir='ltr'>deter-</span> 
     </span>
     <span class='ocr_line' id='line_1_10' title="bbox 59 864 822 923; baseline 0 -13"><span class='ocrx_word' id='word_1_71' title='bbox 59 867 171 911; x_wconf 87' lang='lat' dir='ltr'>minatum</span> <span class='ocrx_word' id='word_1_72' title='bbox 188 871 225 910; x_wconf 90' lang='lat' dir='ltr'>est</span> <span class='ocrx_word' id='word_1_73' title='bbox 244 866 304 923; x_wconf 89' lang='lat' dir='ltr'>apud</span> <span class='ocrx_word' id='word_1_74' title='bbox 318 878 359 909; x_wconf 90' lang='lat' dir='ltr'>nos</span> <span class='ocrx_word' id='word_1_75' title='bbox 373 880 378 908; x_wconf 73' lang='grc' dir='ltr'><em>ι</em></span> <span class='ocrx_word' id='word_1_76' title='bbox 392 871 474 923; x_wconf 85' lang='lat' dir='ltr'>estque</span> <span class='ocrx_word' id='word_1_77' title='bbox 492 877 521 907; x_wconf 80' lang='lat' dir='ltr'>ex</span> <span class='ocrx_word' id='word_1_78' title='bbox 539 864 691 908; x_wconf 90' lang='lat' dir='ltr'>communiori</span> <span class='ocrx_word' id='word_1_79' title='bbox 707 865 822 910; x_wconf 88' lang='lat' dir='ltr'>sententia</span> 
     </span>
     <span class='ocr_line' id='line_1_11' title="bbox 58 937 822 994; baseline 0 -9"><span class='ocrx_word' id='word_1_80' title='bbox 58 940 151 985; x_wconf 77' lang='lat' dir='ltr'>circiter</span> <span class='ocrx_word' id='word_1_81' title='bbox 167 940 235 984; x_wconf 89' lang='lat' dir='ltr'>unius</span> <span class='ocrx_word' id='word_1_82' title='bbox 248 940 317 994; x_wconf 84' lang='lat' dir='ltr'>scuti,</span> <span class='ocrx_word' id='word_1_83' title='bbox 332 952 371 983; x_wconf 89' lang='lat' dir='ltr'>seu</span> <span class='ocrx_word' id='word_1_84' title='bbox 390 937 466 982; x_wconf 89' lang='lat' dir='ltr'>taleri.</span> <span class='ocrx_word' id='word_1_85' title='bbox 482 941 507 982; x_wconf 71' lang='lat'>⁶2⁰</span> <span class='ocrx_word' id='word_1_86' title='bbox 526 938 606 982; x_wconf 89' lang='lat' dir='ltr'>Plures</span> <span class='ocrx_word' id='word_1_87' title='bbox 626 939 728 983; x_wconf 88' lang='lat' dir='ltr'>minores</span> <span class='ocrx_word' id='word_1_88' title='bbox 744 944 822 986; x_wconf 86' lang='lat' dir='ltr'>traus-</span> 
     </span>
     <span class='ocr_line' id='line_1_12' title="bbox 58 1011 819 1073; baseline -0.001 -14"><span class='ocrx_word' id='word_1_89' title='bbox 58 1013 189 1073; x_wconf 85' lang='lat' dir='ltr'>gressiones</span> <span class='ocrx_word' id='word_1_90' title='bbox 201 1013 335 1072; x_wconf 84' lang='lat' dir='ltr'>frequenter</span> <span class='ocrx_word' id='word_1_91' title='bbox 347 1011 476 1057; x_wconf 78' lang='lat' dir='ltr'>coalescere</span> <span class='ocrx_word' id='word_1_92' title='bbox 488 1016 583 1070; x_wconf 83' lang='lat' dir='ltr'>possunt</span> <span class='ocrx_word' id='word_1_93' title='bbox 595 1011 618 1055; x_wconf 94' lang='lat' dir='ltr'>in</span> <span class='ocrx_word' id='word_1_94' title='bbox 634 1025 703 1056; x_wconf 92' lang='lat' dir='ltr'>unam</span> <span class='ocrx_word' id='word_1_95' title='bbox 717 1026 819 1071; x_wconf 84' lang='lat' dir='ltr'>gravem,</span> 
     </span>
     <span class='ocr_line' id='line_1_13' title="bbox 58 1087 237 1135; baseline -0.017 0"><span class='ocrx_word' id='word_1_96' title='bbox 58 1090 119 1135; x_wconf 89' lang='lat' dir='ltr'>sicut</span> <span class='ocrx_word' id='word_1_97' title='bbox 131 1090 153 1132; x_wconf 94' lang='lat' dir='ltr'>in</span> <span class='ocrx_word' id='word_1_98' title='bbox 166 1087 237 1133; x_wconf 83' lang='lat' dir='ltr'>furto.</span> 
     </span>
    </p>

    <p class='ocr_par' dir='ltr' id='par_1_4' title="bbox 58 1160 823 1523">
     <span class='ocr_line' id='line_1_14' title="bbox 89 1160 822 1224; baseline -0.003 -15"><span class='ocrx_word' id='word_1_99' title='bbox 89 1163 221 1224; x_wconf 51' lang='lat' dir='ltr'>ttSpecies</span> <span class='ocrx_word' id='word_1_100' title='bbox 231 1165 380 1221; x_wconf 89' lang='lat' dir='ltr'>peccatorum</span> <span class='ocrx_word' id='word_1_101' title='bbox 390 1160 463 1206; x_wconf 84' lang='lat' dir='ltr'>variae</span> <span class='ocrx_word' id='word_1_102' title='bbox 474 1164 527 1204; x_wconf 86' lang='lat' dir='ltr'>sunt</span> <span class='ocrx_word' id='word_1_103' title='bbox 538 1175 543 1203; x_wconf 82' lang='lat' dir='ltr'><em>z</em></span> <span class='ocrx_word' id='word_1_104' title='bbox 554 1173 633 1205; x_wconf 89' lang='lat' dir='ltr'>omnes</span> <span class='ocrx_word' id='word_1_105' title='bbox 646 1167 712 1206; x_wconf 87' lang='lat' dir='ltr'>actus</span> <span class='ocrx_word' id='word_1_106' title='bbox 723 1163 822 1222; x_wconf 89' lang='lat' dir='ltr'>proprie·</span> 
     </span>
     <span class='ocr_line' id='line_1_15' title="bbox 59 1237 823 1296; baseline -0.003 -11"><span class='ocrx_word' id='word_1_107' title='bbox 59 1239 123 1296; x_wconf 88' lang='lat' dir='ltr'>tatis,</span> <span class='ocrx_word' id='word_1_108' title='bbox 138 1247 163 1284; x_wconf 92' lang='lat' dir='ltr'>ut</span> <span class='ocrx_word' id='word_1_109' title='bbox 179 1238 242 1290; x_wconf 84' lang='lat' dir='ltr'>dare,</span> <span class='ocrx_word' id='word_1_110' title='bbox 259 1237 373 1295; x_wconf 82' lang='lat' dir='ltr'>accipere,</span> <span class='ocrx_word' id='word_1_111' title='bbox 392 1237 500 1289; x_wconf 86' lang='lat' dir='ltr'>retinere,</span> <span class='ocrx_word' id='word_1_112' title='bbox 514 1249 633 1296; x_wconf 82' lang='lat' dir='ltr'>usurpare,</span> <span class='ocrx_word' id='word_1_113' title='bbox 653 1242 750 1292; x_wconf 82' lang='lat' dir='ltr'>mutare,</span> <span class='ocrx_word' id='word_1_114' title='bbox 765 1251 823 1283; x_wconf 88' lang='lat' dir='ltr'>con-</span> 
     </span>
     <span class='ocr_line' id='line_1_16' title="bbox 58 1303 821 1373; baseline -0.001 -13"><span class='ocrx_word' id='word_1_115' title='bbox 58 1328 158 1366; x_wconf 86' lang='lat' dir='ltr'>sumere,</span> <span class='ocrx_word' id='word_1_116' title='bbox 178 1314 299 1372; x_wconf 87' lang='lat' dir='ltr'>dissipare,</span> <span class='ocrx_word' id='word_1_117' title='bbox 315 1312 374 1357; x_wconf 87' lang='lat' dir='ltr'>male</span> <span class='ocrx_word' id='word_1_118' title='bbox 391 1312 539 1358; x_wconf 83' lang='lat' dir='ltr'>distribuere.</span> <span class='ocrx_word' id='word_1_119' title='bbox 558 1313 613 1358; x_wconf 82' lang='lat' dir='ltr'>Haec</span> <span class='ocrx_word' id='word_1_120' title='bbox 631 1312 707 1358; x_wconf 90' lang='lat' dir='ltr'>omnia</span> <span class='ocrx_word' id='word_1_121' title='bbox 725 1303 821 1373; x_wconf 87' lang='lat' dir='ltr'>peccata</span> 
     </span>
     <span class='ocr_line' id='line_1_17' title="bbox 58 1387 821 1449; baseline -0.001 -13"><span class='ocrx_word' id='word_1_122' title='bbox 58 1397 120 1442; x_wconf 68' lang='lat' dir='ltr'>sunt,</span> <span class='ocrx_word' id='word_1_123' title='bbox 138 1389 207 1433; x_wconf 90' lang='lat' dir='ltr'>etiam</span> <span class='ocrx_word' id='word_1_124' title='bbox 226 1390 247 1433; x_wconf 95' lang='lat' dir='ltr'>in</span> <span class='ocrx_word' id='word_1_125' title='bbox 265 1387 435 1447; x_wconf 65' lang='lat' dir='ltr'>Superioribus</span> <span class='ocrx_word' id='word_1_126' title='bbox 455 1388 473 1432; x_wconf 93' lang='lat' dir='ltr'>si</span> <span class='ocrx_word' id='word_1_127' title='bbox 490 1395 571 1434; x_wconf 87' lang='lat' dir='ltr'>contra</span> <span class='ocrx_word' id='word_1_128' title='bbox 591 1389 692 1449; x_wconf 85' lang='lat' dir='ltr'>regulam</span> <span class='ocrx_word' id='word_1_129' title='bbox 713 1389 777 1445; x_wconf 86' lang='lat' dir='ltr'>fiant,</span> <span class='ocrx_word' id='word_1_130' title='bbox 797 1396 821 1435; x_wconf 91' lang='lat' dir='ltr'>ut</span> 
     </span>
     <span class='ocr_line' id='line_1_18' title="bbox 58 1461 789 1523; baseline -0.003 -12"><span class='ocrx_word' id='word_1_131' title='bbox 58 1473 111 1510; x_wconf 85' lang='lat' dir='ltr'>suut</span> <span class='ocrx_word' id='word_1_132' title='bbox 123 1466 146 1509; x_wconf 88' lang='lat' dir='ltr'>in</span> <span class='ocrx_word' id='word_1_133' title='bbox 159 1463 315 1516; x_wconf 84' lang='lat' dir='ltr'>Inferioribus,</span> <span class='ocrx_word' id='word_1_134' title='bbox 331 1461 350 1507; x_wconf 93' lang='lat' dir='ltr'>si</span> <span class='ocrx_word' id='word_1_135' title='bbox 362 1462 417 1507; x_wconf 84' lang='lat' dir='ltr'>fiant</span> <span class='ocrx_word' id='word_1_136' title='bbox 428 1461 515 1523; x_wconf 83' lang='lat' dir='ltr'>absque</span> <span class='ocrx_word' id='word_1_137' title='bbox 529 1462 622 1508; x_wconf 88' lang='lat' dir='ltr'>licentia</span> <span class='ocrx_word' id='word_1_138' title='bbox 632 1463 789 1523; x_wconf 84' lang='lat' dir='ltr'>Superiornm.</span> 
     </span>
    </p>

    <p class='ocr_par' dir='ltr' id='par_1_5' title="bbox 54 1538 821 2418">
     <span class='ocr_line' id='line_1_19' title="bbox 88 1538 821 1599; baseline 0 -13"><span class='ocrx_word' id='word_1_139' title='bbox 88 1543 114 1586; x_wconf 87' lang='lat'>3⁰</span> <span class='ocrx_word' id='word_1_140' title='bbox 127 1540 207 1585; x_wconf 86' lang='lat' dir='ltr'>Varias</span> <span class='ocrx_word' id='word_1_141' title='bbox 225 1538 385 1583; x_wconf 81' lang='lat' dir='ltr'>exeusationes</span> <span class='ocrx_word' id='word_1_142' title='bbox 404 1538 551 1596; x_wconf 90' lang='lat' dir='ltr'>praetendunt</span> <span class='ocrx_word' id='word_1_143' title='bbox 564 1551 755 1597; x_wconf 81' lang='lat' dir='ltr'>transgressores,</span> <span class='ocrx_word' id='word_1_144' title='bbox 770 1540 821 1599; x_wconf 91' lang='lat' dir='ltr'>ple-</span> 
     </span>
     <span class='ocr_line' id='line_1_20' title="bbox 57 1612 821 1675; baseline -0.004 -13"><span class='ocrx_word' id='word_1_145' title='bbox 57 1629 154 1675; x_wconf 82' lang='lat' dir='ltr'>rumque</span> <span class='ocrx_word' id='word_1_146' title='bbox 164 1616 243 1659; x_wconf 88' lang='lat' dir='ltr'>inanes</span> <span class='ocrx_word' id='word_1_147' title='bbox 256 1620 279 1666; x_wconf 10' lang='lat' dir='ltr'>ent</span> <span class='ocrx_word' id='word_1_148' title='bbox 289 1625 367 1668; x_wconf 80' lang='lat' dir='ltr'>uanas,</span> <span class='ocrx_word' id='word_1_149' title='bbox 382 1618 407 1657; x_wconf 92' lang='lat' dir='ltr'>ut</span> <span class='ocrx_word' id='word_1_150' title='bbox 418 1618 471 1657; x_wconf 92' lang='lat' dir='ltr'>sunt</span> <span class='ocrx_word' id='word_1_151' title='bbox 483 1624 489 1661; x_wconf 76' lang='lat' dir='ltr'>t</span> <span class='ocrx_word' id='word_1_152' title='bbox 505 1615 530 1657; x_wconf 89' lang='lat' dir='ltr'>l0</span> <span class='ocrx_word' id='word_1_153' title='bbox 542 1612 602 1659; x_wconf 89' lang='lat' dir='ltr'>Usus</span> <span class='ocrx_word' id='word_1_154' title='bbox 615 1627 655 1658; x_wconf 89' lang='lat' dir='ltr'>seu</span> <span class='ocrx_word' id='word_1_155' title='bbox 670 1615 746 1673; x_wconf 82' lang='lat' dir='ltr'>praxis</span> <span class='ocrx_word' id='word_1_156' title='bbox 756 1616 821 1661; x_wconf 90' lang='lat' dir='ltr'>mul-</span> 
     </span>
     <span class='ocr_line' id='line_1_21' title="bbox 57 1687 818 1749; baseline 0 -15"><span class='ocrx_word' id='word_1_157' title='bbox 57 1697 141 1744; x_wconf 84' lang='lat' dir='ltr'>torum,</span> <span class='ocrx_word' id='word_1_158' title='bbox 164 1689 211 1749; x_wconf 84' lang='lat' dir='ltr'>qui,</span> <span class='ocrx_word' id='word_1_159' title='bbox 230 1688 274 1733; x_wconf 86' lang='lat' dir='ltr'>nisi</span> <span class='ocrx_word' id='word_1_160' title='bbox 296 1687 326 1732; x_wconf 85' lang='lat' dir='ltr'>sit</span> <span class='ocrx_word' id='word_1_161' title='bbox 343 1687 488 1733; x_wconf 87' lang='lat' dir='ltr'>rationabilis</span> <span class='ocrx_word' id='word_1_162' title='bbox 506 1693 529 1733; x_wconf 89' lang='lat' dir='ltr'>et</span> <span class='ocrx_word' id='word_1_163' title='bbox 546 1687 649 1745; x_wconf 79' lang='lat' dir='ltr'>legitime</span> <span class='ocrx_word' id='word_1_164' title='bbox 663 1690 818 1749; x_wconf 84' lang='lat' dir='ltr'>praescriptus,</span> 
     </span>
     <span class='ocr_line' id='line_1_22' title="bbox 57 1762 820 1823; baseline -0.001 -12"><span class='ocrx_word' id='word_1_165' title='bbox 57 1779 134 1811; x_wconf 87' lang='lat' dir='ltr'>merus</span> <span class='ocrx_word' id='word_1_166' title='bbox 152 1771 191 1810; x_wconf 91' lang='lat' dir='ltr'>est</span> <span class='ocrx_word' id='word_1_167' title='bbox 205 1763 299 1809; x_wconf 86' lang='lat' dir='ltr'>abusus.</span> <span class='ocrx_word' id='word_1_168' title='bbox 321 1766 346 1809; x_wconf 70' lang='lat'>2⁰</span> <span class='ocrx_word' id='word_1_169' title='bbox 365 1763 469 1808; x_wconf 85' lang='lat' dir='ltr'>Licentia</span> <span class='ocrx_word' id='word_1_170' title='bbox 489 1762 668 1823; x_wconf 84' lang='lat' dir='ltr'>interpretativa</span> <span class='ocrx_word' id='word_1_171' title='bbox 688 1777 732 1809; x_wconf 92' lang='lat' dir='ltr'>non</span> <span class='ocrx_word' id='word_1_172' title='bbox 751 1764 820 1810; x_wconf 90' lang='lat' dir='ltr'>babet</span> 
     </span>
     <span class='ocr_line' id='line_1_23' title="bbox 56 1838 820 1900; baseline -0.001 -13"><span class='ocrx_word' id='word_1_173' title='bbox 56 1842 140 1895; x_wconf 78' lang='lat' dir='ltr'>locum,</span> <span class='ocrx_word' id='word_1_174' title='bbox 155 1840 246 1900; x_wconf 91' lang='lat' dir='ltr'>quoties</span> <span class='ocrx_word' id='word_1_175' title='bbox 257 1838 365 1897; x_wconf 90' lang='lat' dir='ltr'>Superior</span> <span class='ocrx_word' id='word_1_176' title='bbox 378 1838 437 1883; x_wconf 87' lang='lat' dir='ltr'>adiri</span> <span class='ocrx_word' id='word_1_177' title='bbox 450 1843 535 1897; x_wconf 90' lang='lat' dir='ltr'>potest,</span> <span class='ocrx_word' id='word_1_178' title='bbox 550 1845 590 1884; x_wconf 89' lang='lat' dir='ltr'>aut</span> <span class='ocrx_word' id='word_1_179' title='bbox 606 1850 651 1883; x_wconf 91' lang='lat' dir='ltr'>non</span> <span class='ocrx_word' id='word_1_180' title='bbox 663 1839 766 1884; x_wconf 89' lang='lat' dir='ltr'>creditur</span> <span class='ocrx_word' id='word_1_181' title='bbox 782 1854 820 1886; x_wconf 89' lang='lat' dir='ltr'>as-</span> 
     </span>
     <span class='ocr_line' id='line_1_24' title="bbox 55 1912 820 1976; baseline 0 -16"><span class='ocrx_word' id='word_1_182' title='bbox 55 1929 174 1961; x_wconf 66' lang='lat' dir='ltr'>sensurus,</span> <span class='ocrx_word' id='word_1_183' title='bbox 189 1917 214 1958; x_wconf 88' lang='lat'>30</span> <span class='ocrx_word' id='word_1_184' title='bbox 225 1913 358 1976; x_wconf 82' lang='lat' dir='ltr'>Necessitas</span> <span class='ocrx_word' id='word_1_185' title='bbox 369 1912 438 1957; x_wconf 85' lang='lat' dir='ltr'>debet</span> <span class='ocrx_word' id='word_1_186' title='bbox 449 1926 500 1958; x_wconf 87' lang='lat' dir='ltr'>esse</span> <span class='ocrx_word' id='word_1_187' title='bbox 510 1924 564 1957; x_wconf 87' lang='lat' dir='ltr'>vera</span> <span class='ocrx_word' id='word_1_188' title='bbox 576 1918 599 1957; x_wconf 87' lang='lat' dir='ltr'>et</span> <span class='ocrx_word' id='word_1_189' title='bbox 612 1926 704 1970; x_wconf 86' lang='lat' dir='ltr'>urgens.</span> <span class='ocrx_word' id='word_1_190' title='bbox 721 1916 746 1958; x_wconf 76' lang='grc'>40</span> <span class='ocrx_word' id='word_1_191' title='bbox 758 1914 820 1961; x_wconf 83' lang='lat' dir='ltr'>Cha-</span> 
     </span>
     <span class='ocr_line' id='line_1_25' title="bbox 55 1986 817 2040; baseline 0 -5"><span class='ocrx_word' id='word_1_192' title='bbox 55 1992 112 2036; x_wconf 87' lang='lat' dir='ltr'>ritas</span> <span class='ocrx_word' id='word_1_193' title='bbox 128 1989 198 2034; x_wconf 89' lang='lat' dir='ltr'>debet</span> <span class='ocrx_word' id='word_1_194' title='bbox 216 2000 267 2032; x_wconf 85' lang='lat' dir='ltr'>esse</span> <span class='ocrx_word' id='word_1_195' title='bbox 285 1986 342 2032; x_wconf 87' lang='lat' dir='ltr'>bene</span> <span class='ocrx_word' id='word_1_196' title='bbox 359 1986 474 2033; x_wconf 85' lang='lat' dir='ltr'>ordinata.</span> <span class='ocrx_word' id='word_1_197' title='bbox 497 1989 522 2031; x_wconf 81' lang='lat'>5⁰</span> <span class='ocrx_word' id='word_1_198' title='bbox 539 1988 665 2040; x_wconf 84' lang='lat' dir='ltr'>Doctorum</span> <span class='ocrx_word' id='word_1_199' title='bbox 683 1989 817 2034; x_wconf 89' lang='lat' dir='ltr'>sententia:</span> 
     </span>
     <span class='ocr_line' id='line_1_26' title="bbox 54 2060 821 2123; baseline -0.004 -12"><span class='ocrx_word' id='word_1_200' title='bbox 54 2065 168 2111; x_wconf 73' lang='lat' dir='ltr'>rraeuuer</span> <span class='ocrx_word' id='word_1_201' title='bbox 177 2063 202 2108; x_wconf 79' lang='lat' dir='ltr'>iu</span> <span class='ocrx_word' id='word_1_202' title='bbox 215 2062 282 2107; x_wconf 84' lang='lat' dir='ltr'>dubio</span> <span class='ocrx_word' id='word_1_203' title='bbox 295 2075 400 2120; x_wconf 74' lang='lat' dir='ltr'>cupressu</span> <span class='ocrx_word' id='word_1_204' title='bbox 412 2062 537 2114; x_wconf 82' lang='lat' dir='ltr'>urrrtoritus</span> <span class='ocrx_word' id='word_1_205' title='bbox 548 2060 648 2121; x_wconf 81' lang='lat' dir='ltr'>Repttlae.</span> <span class='ocrx_word' id='word_1_206' title='bbox 660 2064 685 2106; x_wconf 82' lang='grc'>60</span> <span class='ocrx_word' id='word_1_207' title='bbox 695 2063 771 2108; x_wconf 91' lang='lat' dir='ltr'>Pudor</span> <span class='ocrx_word' id='word_1_208' title='bbox 783 2076 821 2123; x_wconf 86' lang='lat' dir='ltr'>pe-</span> 
     </span>
     <span class='ocr_line' id='line_1_27' title="bbox 56 2136 819 2196; baseline 0 -13"><span class='ocrx_word' id='word_1_209' title='bbox 56 2140 117 2183; x_wconf 82' lang='lat' dir='ltr'>tendi</span> <span class='ocrx_word' id='word_1_210' title='bbox 138 2138 208 2183; x_wconf 88' lang='lat' dir='ltr'>toties</span> <span class='ocrx_word' id='word_1_211' title='bbox 224 2140 249 2181; x_wconf 87' lang='lat' dir='ltr'>et</span> <span class='ocrx_word' id='word_1_212' title='bbox 265 2138 397 2195; x_wconf 89' lang='lat' dir='ltr'>importune</span> <span class='ocrx_word' id='word_1_213' title='bbox 415 2150 427 2181; x_wconf 90' lang='lat' dir='ltr'>a</span> <span class='ocrx_word' id='word_1_214' title='bbox 444 2138 572 2196; x_wconf 84' lang='lat' dir='ltr'>superiore.</span> <span class='ocrx_word' id='word_1_215' title='bbox 590 2136 639 2181; x_wconf 89' lang='lat' dir='ltr'>Hoc</span> <span class='ocrx_word' id='word_1_216' title='bbox 657 2142 693 2182; x_wconf 82' lang='lat' dir='ltr'>est</span> <span class='ocrx_word' id='word_1_217' title='bbox 711 2138 770 2182; x_wconf 87' lang='lat' dir='ltr'>male</span> <span class='ocrx_word' id='word_1_218' title='bbox 790 2139 819 2183; x_wconf 88' lang='lat' dir='ltr'>do</span> 
     </span>
     <span class='ocr_line' id='line_1_28' title="bbox 54 2210 816 2271; baseline -0.003 -13"><span class='ocrx_word' id='word_1_219' title='bbox 54 2216 104 2271; x_wconf 86' lang='lat' dir='ltr'>ipso</span> <span class='ocrx_word' id='word_1_220' title='bbox 124 2211 218 2265; x_wconf 73' lang='lat' dir='ltr'>sentire,</span> <span class='ocrx_word' id='word_1_221' title='bbox 236 2217 260 2255; x_wconf 88' lang='lat' dir='ltr'>et</span> <span class='ocrx_word' id='word_1_222' title='bbox 274 2210 362 2255; x_wconf 87' lang='lat' dir='ltr'>directe</span> <span class='ocrx_word' id='word_1_223' title='bbox 378 2224 446 2269; x_wconf 85' lang='lat' dir='ltr'>agere</span> <span class='ocrx_word' id='word_1_224' title='bbox 463 2218 545 2257; x_wconf 88' lang='lat' dir='ltr'>contra</span> <span class='ocrx_word' id='word_1_225' title='bbox 562 2218 641 2256; x_wconf 86' lang='lat' dir='ltr'>uotum</span> <span class='ocrx_word' id='word_1_226' title='bbox 659 2210 703 2257; x_wconf 93' lang='lat' dir='ltr'>hoc</span> <span class='ocrx_word' id='word_1_227' title='bbox 716 2213 816 2271; x_wconf 77' lang='lat' dir='ltr'>exigens,</span> 
     </span>
     <span class='ocr_line' id='line_1_29' title="bbox 54 2286 819 2346; baseline -0.001 -13"><span class='ocrx_word' id='word_1_228' title='bbox 54 2288 115 2334; x_wconf 83' lang='lat' dir='ltr'>Nilril</span> <span class='ocrx_word' id='word_1_229' title='bbox 128 2286 218 2331; x_wconf 81' lang='lat' dir='ltr'>facilius</span> <span class='ocrx_word' id='word_1_230' title='bbox 230 2291 300 2344; x_wconf 90' lang='lat' dir='ltr'>quam</span> <span class='ocrx_word' id='word_1_231' title='bbox 314 2286 430 2331; x_wconf 85' lang='lat' dir='ltr'>licentiam</span> <span class='ocrx_word' id='word_1_232' title='bbox 445 2293 523 2346; x_wconf 90' lang='lat' dir='ltr'>petere</span> <span class='ocrx_word' id='word_1_233' title='bbox 535 2287 679 2345; x_wconf 81' lang='lat' dir='ltr'>aSuperiore</span> <span class='ocrx_word' id='word_1_234' title='bbox 689 2300 734 2332; x_wconf 89' lang='lat' dir='ltr'>non</span> <span class='ocrx_word' id='word_1_235' title='bbox 746 2301 819 2345; x_wconf 88' lang='lat' dir='ltr'>nega-</span> 
     </span>
     <span class='ocr_line' id='line_1_30' title="bbox 55 2359 367 2418; baseline -0.013 -11"><span class='ocrx_word' id='word_1_236' title='bbox 55 2369 115 2417; x_wconf 84' lang='lat' dir='ltr'>turo,</span> <span class='ocrx_word' id='word_1_237' title='bbox 123 2360 147 2405; x_wconf 86' lang='lat' dir='ltr'>si</span> <span class='ocrx_word' id='word_1_238' title='bbox 158 2360 242 2405; x_wconf 91' lang='lat' dir='ltr'>rationi</span> <span class='ocrx_word' id='word_1_239' title='bbox 252 2359 367 2418; x_wconf 87' lang='lat' dir='ltr'>congruit.</span> 
     </span>
    </p>

    <p class='ocr_par' dir='ltr' id='par_1_6' title="bbox 54 2434 818 2720">
     <span class='ocr_line' id='line_1_31' title="bbox 84 2434 818 2494; baseline -0.001 -14"><span class='ocrx_word' id='word_1_240' title='bbox 84 2436 124 2481; x_wconf 83' lang='lat' dir='ltr'>tlt.</span> <span class='ocrx_word' id='word_1_241' title='bbox 139 2460 166 2467; x_wconf 99' lang='lat'><strong>—</strong></span> <span class='ocrx_word' id='word_1_242' title='bbox 180 2434 246 2480; x_wconf 82' lang='lat' dir='ltr'>Circa</span> <span class='ocrx_word' id='word_1_243' title='bbox 258 2439 420 2494; x_wconf 86' lang='lat' dir='ltr'>paupertatem</span> <span class='ocrx_word' id='word_1_244' title='bbox 431 2435 542 2482; x_wconf 87' lang='lat' dir='ltr'>Societati</span> <span class='ocrx_word' id='word_1_245' title='bbox 555 2435 679 2493; x_wconf 85' lang='lat' dir='ltr'>propriam,</span> <span class='ocrx_word' id='word_1_246' title='bbox 694 2435 740 2480; x_wconf 90' lang='lat' dir='ltr'>duo</span> <span class='ocrx_word' id='word_1_247' title='bbox 753 2448 818 2481; x_wconf 88' lang='lat' dir='ltr'>com-</span> 
     </span>
     <span class='ocr_line' id='line_1_32' title="bbox 55 2509 818 2570; baseline -0.003 -13"><span class='ocrx_word' id='word_1_248' title='bbox 55 2509 150 2557; x_wconf 90' lang='lat' dir='ltr'>mendat</span> <span class='ocrx_word' id='word_1_249' title='bbox 162 2514 257 2554; x_wconf 86' lang='lat' dir='ltr'>sanctus</span> <span class='ocrx_word' id='word_1_250' title='bbox 269 2509 379 2570; x_wconf 80' lang='lat' dir='ltr'>Ignatius‚</span> <span class='ocrx_word' id='word_1_251' title='bbox 393 2509 509 2556; x_wconf 88' lang='lat' dir='ltr'>internam</span> <span class='ocrx_word' id='word_1_252' title='bbox 527 2510 702 2570; x_wconf 86' lang='lat' dir='ltr'>dispositionem</span> <span class='ocrx_word' id='word_1_253' title='bbox 713 2511 818 2556; x_wconf 72' lang='lat' dir='ltr'>aestima-</span> 
     </span>
     <span class='ocr_line' id='line_1_33' title="bbox 55 2584 816 2645; baseline -0.005 -12"><span class='ocrx_word' id='word_1_254' title='bbox 55 2586 125 2633; x_wconf 90' lang='lat' dir='ltr'>tionis</span> <span class='ocrx_word' id='word_1_255' title='bbox 143 2591 167 2630; x_wconf 94' lang='lat' dir='ltr'>et</span> <span class='ocrx_word' id='word_1_256' title='bbox 184 2584 278 2639; x_wconf 89' lang='lat' dir='ltr'>amoris,</span> <span class='ocrx_word' id='word_1_257' title='bbox 292 2591 315 2630; x_wconf 89' lang='lat' dir='ltr'>et</span> <span class='ocrx_word' id='word_1_258' title='bbox 331 2588 450 2633; x_wconf 83' lang='lat' dir='ltr'>externam</span> <span class='ocrx_word' id='word_1_259' title='bbox 463 2584 628 2645; x_wconf 85' lang='lat' dir='ltr'>perlectionem</span> <span class='ocrx_word' id='word_1_260' title='bbox 639 2584 816 2640; x_wconf 83' lang='lat' dir='ltr'>observationis,</span> 
     </span>
     <span class='ocr_line' id='line_1_34' title="bbox 54 2660 486 2720; baseline -0.005 -13"><span class='ocrx_word' id='word_1_261' title='bbox 54 2673 136 2720; x_wconf 79' lang='lat' dir='ltr'>nempe</span> <span class='ocrx_word' id='word_1_262' title='bbox 149 2660 275 2720; x_wconf 83' lang='lat' dir='ltr'>puritatem</span> <span class='ocrx_word' id='word_1_263' title='bbox 286 2667 309 2706; x_wconf 89' lang='lat' dir='ltr'>et</span> <span class='ocrx_word' id='word_1_264' title='bbox 320 2660 486 2719; x_wconf 85' lang='lat' dir='ltr'>integritatem.</span> 
     </span>
    </p>
   </div>
   <div class='ocr_carea' id='block_1_3' title="bbox 0 0 862 2908">
    <p class='ocr_par' dir='ltr' id='par_1_7' title="bbox 0 0 862 2908">
     <span class='ocr_line' id='line_1_35' title="bbox 0 0 862 2908; baseline 0 1"><span class='ocrx_word' id='word_1_265' title='bbox 0 0 862 2908; x_wconf 95' lang='lat' dir='ltr'> </span> 
     </span>
    </p>
   </div>
  </div>
 </body>
</html>
