1715 2908
205 172 309 209 nnumin
327 174 496 211 unnoomnnm
515 177 631 218 cusanus
749 161 800 214 259

313 364 341 407 ll.
358 364 529 411 nummario.

276 460 398 509 Gorouotio
410 469 431 508 ct
445 461 566 510 Adulatio.

68 560 188 598 Praeruutun
197 562 215 599 1.
224 580 250 588 -
260 560 354 602 Historia.

66 636 187 672 Praeteritum
196 637 223 673 Π.
236 654 263 663 -
273 637 427 686 Repraesentatio
435 636 472 675 rei.

66 711 189 749 Proetodtum
197 712 235 749 [Il.
246 731 272 738 -
282 710 352 751 Fames
362 711 521 761 opprobriorum.

70 799 186 845 Puucruu
194 799 213 844 1.
225 825 256 833 -
268 799 351 846 Parum
367 799 410 844 init
423 799 514 845 Christo
527 800 658 846 communia
669 804 693 844 et
704 799 801 844 ordina·

40 873 76 923 ria
86 873 143 932 pati.
788 922 791 927 ,

70 948 96 992 l⁰
106 947 136 994 Ut
149 947 252 1006 expiaret
264 951 288 993 et
299 948 434 994 resraenaret
446 948 605 1007 intomperans
615 947 719 992 studium
729 957 801 992 exco-

40 1022 129 1083 gitandi
141 1036 213 1069 novos
225 1024 306 1071 modos
316 1023 483 1084 cupiditatibus
491 1022 633 1083 indulgendi,
644 1022 719 1070 voluit
728 1035 801 1069 novos

40 1099 122 1145 modos
134 1100 261 1159 excogitari
271 1100 389 1146 cruciandi
401 1101 445 1145 sui.
520 1119 522 1134 ·

71 1177 97 1221 20
112 1175 159 1220 Hos
175 1173 266 1221 daemon
283 1174 397 1220 militibus
416 1174 545 1235 suggessit;
557 1173 591 1221 illi
609 1174 689 1220 statim
701 1186 802 1234 usurpa„

36 1255 103 1304 runt,
125 1251 201 1311 ipsum
222 1249 333 1310 probrose
355 1249 424 1295 simul
443 1256 467 1296 et
489 1248 616 1296 crudeliter
639 1248 800 1305 excruciandi3

41 1324 108 1385 quasi
119 1324 232 1385 quidquid
252 1324 297 1372 illis
318 1325 399 1371 liberet
417 1325 489 1372 etiam
508 1325 596 1381 liceret,
611 1326 641 1372 ud
657 1325 719 1386 quod
733 1331 803 1372 totum

41 1406 163 1446 concocunt
174 1401 284 1447 cohortem
296 1401 334 1459 ll),
344 1405 370 1446 ut
380 1400 506 1446 ludibrium
518 1401 549 1446 sit
561 1400 686 1460 insignius3
696 1401 743 1446 imo
753 1400 804 1446 liaec

42 1475 120 1520 divina
132 1475 247 1534 sapientia
259 1476 351 1525 ordinat
363 1476 392 1521 ad
404 1489 471 1522 suam
481 1475 587 1534 gloriam.

72 1552 98 1594 30
109 1549 169 1607 Quid
189 1555 215 1594 tu
228 1550 257 1595 ad
269 1549 336 1595 baec‘?
349 1550 434 1605 mirare
446 1550 490 1595 Dei
502 1549 632 1605 consilium¹
647 1549 738 1595 Christo
751 1563 800 1609 gra·

42 1624 87 1671 tias
100 1638 151 1683 age,
165 1629 189 1670 et
200 1638 279 1684 quaere
292 1624 396 1670 studiose
409 1637 483 1671 novos
493 1625 574 1671 modos
584 1624 617 1669 illi
628 1624 744 1685 placendi,
751 1638 804 1688 cnm

42 1700 92 1759 ipso
105 1706 127 1744 et
135 1711 177 1759 pro
187 1699 237 1758 ipso
247 1698 358 1758 patiendi.

71 1775 188 1820 Puncruu
197 1774 263 1819 ll.·-
272 1773 333 1832 Quid
345 1786 400 1833 ergo
412 1763 570 1820 inuenerunt?
581 1774 637 1835 quid
649 1774 754 1820 fecerunt
766 1787 805 1820 mr·

44 1850 96 1896 lites
108 1850 233 1897 Praesidis‘l

73 1928 99 1971 l0
110 1925 260 1985 Suscipieuteo
268 1926 345 1971 Jestrm
353 1924 380 1971 iu
390 1924 527 1984 praetorium
540 1924 577 1985 (2),
592 1930 687 1971 exutum
703 1924 803 1984 propriis

30 2001 155 2056 uestibus,
169 2001 276 2047 indutum
288 2000 410 2061 chlamyde
422 2001 538 2056 coccinea,
547 2002 630 2061 ‘instar
642 2013 750 2061 purpurae
766 2013 806 2045 re-

44 2077 95 2135 giae.
109 2076 159 2133 Quo
169 2076 265 2136 pudoris
277 2081 300 2121 et
311 2076 397 2121 doloris
409 2076 489 2122 sensu!
504 2076 548 2122 Hic
563 2084 659 2136 peccata
675 2082 717 2121 tua
728 2075 805 2121 induit

44 2160 66 2197 ct
79 2152 101 2196 in
114 2165 139 2196 se
151 2151 261 2211 suscepit,
273 2151 343 2196 indue
353 2157 379 2196 tu
389 2152 439 2210 ejus
449 2152 557 2211 insignia.
583 2158 585 2161 ’
619 2186 622 2191 .

74 2231 100 2273 20
116 2227 239 2273 Plcotootoa
253 2240 358 2272 cornuum
369 2226 403 2283 do
414 2226 495 2286 sputis,
504 2232 630 2285 postrorum
647 2241 716 2286 super
736 2235 804 2287 caput

45 2302 92 2359 rjus
105 2302 141 2359 (3),
154 2300 177 2345 in
190 2302 354 2347 contumeliam
364 2307 387 2345 et
399 2300 539 2347 derisionem
549 2302 613 2361 regni
626 2296 747 2348 affectati:
761 2304 805 2362 spi·

46 2377 81 2421 nis
92 2389 133 2435 per
145 2376 192 2421 vim
202 2377 225 2421 in
237 2376 357 2422 cerebrum
370 2388 443 2435 usque
453 2377 551 2423 adactis.
565 2376 615 2433 Quo
627 2377 714 2423 doloris
726 2391 804 2433 sensu,

46 2457 132 2510 quanto
145 2453 263 2510 sanguinis
274 2452 297 2496 in
310 2464 343 2510 os,
351 2450 438 2505 oculos,
450 2451 547 2512 capillos
558 2458 581 2498 et
591 2452 687 2498 barbam
701 2453 804 2498 effluvio!
844 2481 845 2484 =

45 2528 131 2573 siccine
145 2525 218 2586 gloria
230 2532 253 2573 ct
272 2526 358 2573 honore
376 2518 529 2581 coronandus,
544 2527 670 2587 ignominia
686 2535 710 2573 et
725 2527 805 2575 dolore

68 2647 159 2693 [illlam.
169 2656 198 2682 xv.
460 2646 486 2695 (3)
494 2647 573 2685 ibidem.

69 2694 96 2740 (ἓ)
105 2693 173 2730 tlattl.
183 2701 238 2731 rxvu.
