1715 2908
185 192 313 229 securium
329 193 498 230 annuentium
523 193 653 230 succubus
750 180 799 229 127

70 289 186 338 Puuuruu
198 290 237 336 ΙΙΙ.
250 315 281 325 -
296 289 363 347 Quod
378 290 484 337 Christus
497 290 563 336 iesus
580 290 697 337 ferventer
717 290 799 344 obtulit

39 365 96 423 Deo,
108 365 152 411 hoc
164 371 214 412 tuta
225 366 274 412 vita
284 365 383 411 fideliter
391 366 509 426 praestitit.
524 365 630 427 Quinque
644 365 707 411 siclis
721 379 733 411 e
750 366 800 425 lege

39 438 183 501 redemptus,
205 441 235 487 ad
259 440 319 488 idem
339 442 479 488 sacrificium
496 442 598 501 quotidie
620 442 760 497 iterandum,
777 447 800 487 et

40 514 95 560 olim
113 517 136 561 in
152 516 225 563 Cruce
238 518 458 575 consummandum3
471 518 564 562 interim
582 524 658 563 tamen
677 518 766 576 agendo
778 522 801 561 et

39 591 149 650 patiendo
161 606 231 651 quam
247 592 355 652 piurima.
372 594 437 640 itane
455 599 479 638 tu
500 593 548 637 Deo
565 593 678 652 promissa
695 599 799 653 praestas,

40 666 108 726 eique
120 666 191 713 semei
203 667 280 714 dicata
290 668 313 713 in
321 666 514 727 eiusobsequium
526 673 658 714 constanter
668 667 801 728 impendis?

72 742 218 802 Coiioquium
229 744 258 789 ad
268 744 365 790 Mariam
378 748 401 789 et
411 744 490 788 Jesum
503 756 545 802 pro
557 743 648 799 affectu,
659 743 696 790 vei
708 756 737 789 ex
752 742 802 788 for-

41 817 104 864 mula
116 825 232 877 votorum.

312 970 340 1015 ΙΙ.
358 967 529 1014 ΜΕΒΙΤΑΤΙΟ.

220 1065 253 1110 De
268 1065 336 1124 Fuqu
352 1065 439 1110 Christi
454 1065 480 1109 iu
493 1045 626 1123 AEqqpturu.

70 1163 190 1201 Praeteritum
200 1164 217 1201 1.
228 1183 254 1191 -
264 1162 352 1201 Historia
362 1173 419 1201 sacre
429 1161 464 1212 [ii.

70 1238 190 1274 Proetudturu
200 1239 228 1275 Π.
236 1257 263 1264 —-
271 1236 342 1286 Specta
354 1236 422 1275 Jesum
432 1235 530 1275 Infantem
543 1236 565 1275 in
579 1235 632 1274 uluis
643 1234 720 1285 Matris,
733 1237 804 1276 comite

42 1289 136 1338 dosepbo,
146 1293 207 1327 noctu
214 1288 332 1338 fugientem,

70 1364 191 1400 Proetodr'um
201 1365 274 1402 HL-
285 1363 332 1401 Pete
342 1362 399 1411 sequi
410 1362 500 1413 ipsorum
508 1362 531 1400 in
541 1361 630 1401 adversis
637 1361 802 1414 resignationem.
840 1356 843 1360 '

73 1454 190 1500 Pomorum
200 1455 218 1499 I.
229 1480 256 1488 -
268 1453 393 1499 Considera
404 1454 444 1498 Dei
455 1467 510 1513 erga
520 1453 602 1499 Filium
611 1454 769 1510 incarnatum,
783 1462 805 1501 et

43 1529 135 1575 Eiectos
147 1542 201 1574 suos
216 1528 397 1575 Providentiam.
414 1530 441 1573 4⁰
459 1529 501 1576 Vix
514 1535 591 1586 natus,
605 1530 633 1575 ad
647 1543 727 1575 necem
739 1544 806 1591 quae-
853 1578 854 1582 ,

44 1605 111 1650 ritur.
125 1605 189 1650 Hanc
206 1605 269 1649 Deus
288 1603 472 1664 persecutionem
485 1604 608 1664 permittit.
626 1603 661 1648 Sic
673 1617 755 1657 omues,
769 1603 807 1662 qui

43 1680 80 1738 pie
97 1680 175 1726 uolitet
192 1679 268 1726 uiuere
288 1680 314 1724 r'rt
333 1678 423 1725 Christo
443 1679 505 1733 Jeru,
517 1678 693 1739 persecutionem
708 1679 808 1738 putirrrr-
855 1732 857 1735 .

45 1761 84 1801 tur
97 1756 135 1815 (2).
149 1756 206 1801 Vide
219 1770 247 1801 an
256 1756 293 1815 pie
305 1755 379 1800 viras.
394 1759 420 1802 20
430 1753 489 1800 Huic
502 1754 566 1800 ilium
580 1753 683 1814 periculo
697 1755 766 1814 eripit
777 1755 806 1800 ad

45 1831 152 1889 graviora
164 1831 342 1885 reservandum·
354 1843 436 1889 nempe
449 1830 479 1875 ad
493 1837 591 1875 mortem
604 1829 692 1875 Crucis.
707 1831 732 1873 30
743 1828 806 1886 Quo-

46 1905 114 1951 modo
130 1906 215 1967 eripit‘?
227 1920 271 1951 non
281 1919 323 1966 per
333 1906 400 1964 signa
413 1913 435 1950 et
447 1904 561 1965 prodigia,
575 1917 622 1950 nen
634 1905 659 1949 iu
671 1916 741 1948 manu
753 1904 806 1951 forti

47 1988 69 2026 et
84 1981 180 2027 brachio
198 1986 299 2040 extento⁷
313 1993 358 2026 nou
371 1979 417 2026 alie
433 1981 470 2025 via
482 1979 582 2025 humana
594 1978 675 2039 utique
687 1978 806 2039 possibiii;

47 2057 87 2102 sed
97 2071 138 2117 per
149 2057 235 2117 fugam,
246 2070 337 2117 semper
347 2055 482 2117 probrosam
495 2061 518 2100 et
530 2053 661 2111 difficilem3
673 2054 711 2099 bic
720 2060 807 2115 praete-

46 2146 86 2179 rea
98 2133 252 2193 periculosam
264 2141 288 2179 et
298 2132 428 2178 molestam.
438 2132 476 2178 Sic
484 2133 546 2176 Deus
555 2130 603 2189 agit
612 2124 665 2175 cum
675 2130 751 2177 tribus
762 2132 809 2178 iilis

48 2208 160 2266 personis,
173 2209 254 2270 utique
267 2206 427 2263 sanctissimis,
440 2205 532 2266 sibique
544 2204 700 2263 cbarissimis;
712 2206 745 2252 sic
757 2208 810 2254 Uni-

48 2283 120 2341 geniti
135 2284 171 2329 sui
185 2286 246 2331 votis
264 2290 287 2330 et
300 2281 410 2329 oblationi
428 2281 564 2341 respondet;
579 2280 611 2326 sic
628 2279 677 2341 ipse
696 2294 749 2328 cum
761 2284 810 2329 suis

49 2359 205 2405 amantissimi
227 2359 303 2405 Patris
323 2356 467 2415 beneplacito
490 2356 626 2416 acquiescit.
647 2355 769 2403 Admirare
787 2363 810 2404 et

50 2433 149 2479 imitare.

79 2508 195 2553 Puueruiu
206 2508 235 2553 ΙΙ.
248 2532 275 2541 -
292 2505 401 2566 Expende
418 2504 501 2549 miram
513 2503 605 2559 Christi,
617 2504 695 2549 Beatus
710 2503 810 2561 Virginis

51 2584 74 2624 et
85 2581 185 2640 iosephi,
203 2583 226 2627 in
244 2582 289 2630 bac
302 2582 356 2641 fuga
374 2579 538 2626 obedientiam.
556 2580 582 2621 ιο
600 2577 695 2637 Singula
708 2578 811 2638 Angeiici

74 2708 100 2754 (i)
110 2708 178 2747 Matth.
187 2719 210 2745 ιι.
466 2706 493 2752 (2)
502 2704 644 2745 [trinutum.
