1715 2908
64 151 113 200 too
300 167 356 201 oras
374 166 484 200 uncturus
503 166 586 201 nouus

63 261 169 317 Nescitis,
180 261 266 324 inquit,
280 262 334 322 quid
344 262 435 324 petatis.
450 261 517 309 Scitis
529 263 583 323 puio
594 262 712 324 Principes
723 262 823 324 pectinos

42 396 43 399 Ἴ
63 338 210 384 dorninoutnr
222 351 308 392 eorum,
320 352 365 384 nort
375 338 409 385 itu
421 338 466 384 erit
477 338 540 385 inter
551 352 588 384 nos
601 339 638 398 tlt.
652 339 766 399 Reprimit
778 338 823 386 sibi

64 414 233 474 complacentes
247 428 252 459 :
269 413 374 462 Videbunt
386 413 494 461 Saturnum
505 414 562 461 sieut
578 413 658 475 fulpur
673 415 700 460 cle
712 414 770 461 Coelo
783 415 833 460 cu?

64 491 150 536 olentem
163 490 202 549 (2).

92 570 117 614 2⁰
128 564 246 626 Exemplo.
264 566 343 612 Mundi
359 565 494 621 vanitatem,
513 564 631 620 honorem,
645 565 749 616 favorem
765 578 823 617 cou-

30 646 33 705 'j
63 648 151 687 stanter
165 641 263 700 fugiens,
278 641 349 687 etiam
365 641 389 686 in
404 641 453 686 vita
469 640 570 701 publica,
584 640 721 700 sapientiam
739 646 762 685 et
779 654 822 701 po-

28 761 32 765 ,
64 717 160 762 tentiam
168 729 234 763 suam
245 715 349 761 studiose
360 715 488 770 abscondit,
497 723 520 761 et
530 715 684 761 sanctitatem
696 716 751 761 vitae
763 729 821 762 com.

64 792 138 837 innuis
154 790 205 837 velo
224 790 290 847 texit,
305 797 330 837 ut
346 803 394 850 prae
413 789 500 836 loanue
512 790 617 850 Baptista
631 803 645 836 a
666 790 752 836 mundo
764 804 822 836 con—

64 871 205 912 temneretur
223 881 229 910 :
247 865 377 912 doctrinam
399 877 520 924 nunquam
538 864 672 922 ostentavit,
694 879 746 911 raro
769 880 820 912 cum

63 942 145 994 doctis,
164 947 204 987 aut
221 940 370 1000 ierosolymis
388 939 439 993 luit,
458 953 511 984 cum
527 940 672 997 Principibus
693 955 820 1000 nunquam.

63 1016 172 1062 hliracula
182 1015 294 1076 pleraque
307 1015 376 1060 celari
390 1015 507 1073 pracepit,
517 1012 607 1060 oblatos
615 1015 713 1060 honores
724 1017 820 1075 respuit,

63 1095 209 1149 contemptus
219 1094 243 1134 et
255 1088 378 1149 opprobria
391 1088 513 1147 excepiset
526 1088 634 1144 ambivit;
648 1089 682 1134 sio
694 1095 720 1134 ut
735 1089 792 1135 nihil
808 1104 822 1138 a

62 1164 148 1210 mundo
158 1168 285 1223 expeteret,
297 1161 332 1207 vel
350 1162 465 1221 acciperet
478 1170 562 1221 praeter
578 1175 648 1207 unam
660 1150 702 1207 Dei
715 1163 819 1222 gloriam,

47 1273 49 1276 .
63 1238 118 1283 nihil
132 1238 194 1283 aliud
204 1236 337 1297 apostolicis
352 1237 409 1280 viris
419 1236 587 1295 expectandum
599 1237 701 1282 doceret.

92 1311 204 1370 Apostoli,
216 1311 250 1355 sic
264 1310 293 1355 ab
311 1311 361 1368 ipso
379 1309 490 1365 instituti,
505 1310 584 1355 mundi
601 1310 699 1369 gloriam
716 1316 820 1358 contem-

62 1393 151 1442 nenteS,
165 1384 208 1429 soli
218 1383 298 1443 gloriae
310 1383 352 1427 Dei
364 1383 503 1429 servierunt.
514 1384 567 1430 Non
579 1383 737 1442 predicabant
747 1393 820 1433 semet·

62 1462 128 1520 ipsos,
140 1459 177 1504 secl
189 1459 263 1506 Jesnnr
274 1465 296 1504 ct
306 1459 364 1503 leonte
374 1457 507 1517 crucifixum
519 1459 562 1518 (3);
574 1458 597 1503 in
609 1459 644 1518 cuj
649 1472 674 1505 us
689 1473 758 1506 cruce
773 1461 821 1510 sola

62 1535 229 1597 gloriabantur,
242 1549 288 1580 rtort
299 1540 423 1594 quaerentes
435 1534 664 1594 bomirrlbrtspluccre,
675 1536 713 1581 secl
723 1536 770 1582 Deo
784 1538 821 1597 (l).

61 1611 216 1659 Sanctitatem
226 1615 249 1655 et
260 1609 321 1657 bona
334 1622 403 1669 opera
415 1608 532 1669 tegebant,
547 1616 643 1669 peccata
659 1623 701 1657 sua
713 1611 822 1659 fateban-

62 1694 107 1733 tur.
123 1686 227 1732 Honores
250 1685 284 1730 sie
304 1683 430 1743 fugiebant,
455 1690 480 1730 ut
499 1684 652 1732 contumelias
676 1693 820 1747 appeterent.

62 1764 125 1809 idem
141 1761 263 1807 considera
275 1761 298 1806 in
310 1760 368 1807 viris
379 1759 512 1820 apostolicis
523 1769 546 1807 et
556 1763 651 1809 nostris.

92 1840 208 1884 Pomorum
221 1836 250 1883 ΙΙ.
268 1861 299 1870 -
310 1836 472 1896 contemptum
491 1836 571 1883 mundi
587 1838 706 1898 passivum
718 1839 823 1888 Christus

62 1912 184 1975 Apostolos
193 1912 263 1957 etiam
273 1911 361 1957 docuit.

91 1991 117 2033 l⁰
127 1987 203 2034 Verbo
216 1986 303 2032 diserte
316 1985 444 2044 praedicans
456 1985 502 2030 illis
514 1992 537 2031 et
551 1985 688 2033 beatificans
700 1995 823 2036 contume-

62 2064 105 2109 lias
117 2068 141 2107 et
152 2061 325 2120 persecutiones
341 2059 445 2105 futuras:
458 2060 525 2105 Beati
537 2061 590 2107 estis
603 2075 652 2106 curn
664 2062 824 2110 rnolcclinerint

62 2137 122 2183 rrolrt's
134 2136 270 2189 terrineam
281 2134 392 2194 persecuti
400 2148 438 2181 nos
449 2135 547 2194 suerunt,
558 2141 579 2180 et
587 2135 688 2182 dicerint
699 2152 762 2184 ornne
772 2154 823 2185 retn-

63 2214 109 2259 tun
119 2213 226 2258 aduersus
236 2225 282 2264 eos,
295 2210 425 2256 rterttierttes
434 2217 531 2269 propter
540 2224 589 2266 ree,
601 2212 694 2269 paudere
708 2214 746 2272 (5).

19 2295 21 2297 ’
93 2291 118 2336 2⁰
131 2285 240 2347 Exemplo
250 2285 344 2346 proprio
357 2285 510 2342 confirmavit,
521 2299 535 2332 a
545 2286 631 2332 mundo
641 2294 788 2349 contemptus
801 2289 823 2333 in

64 2363 156 2423 propria
166 2375 273 2421 persona,
288 2365 312 2405 ut
326 2359 386 2406 fabri
406 2360 466 2406 filius
483 2366 506 2406 et
522 2361 629 2418 insanum
642 2362 666 2408 in
678 2364 785 2410 doctrina
796 2370 822 2410 ut

63 2436 223 2495 blasphemus;
236 2436 261 2481 in
272 2434 390 2480 miraculis
403 2448 483 2494 magus
494 2440 518 2480 et
527 2434 656 2483 Beelzebub
668 2437 787 2496 minister3
800 2438 824 2483 in

86 2582 112 2623 (lt
122 2580 188 2616 Mattb.
195 2587 225 2614 rr.
479 2583 506 2629 (i)
514 2582 576 2619 Galat.
583 2592 597 2622 1.
610 2567 611 2570 Ἴ

88 2630 113 2674 (ἓ)
122 2628 166 2665 Luc.
176 2639 196 2663 x.
480 2628 506 2675 (5)
513 2627 609 2667 mattha.

88 2675 113 2718 (3,
122 2676 139 2710 ll
148 2673 229 2710 Corinth.
239 2682 266 2710 rr.
