1715 2908
40 149 75 198 78
320 164 377 201 ores
398 141 539 204 seerttotts

72 264 97 307 3⁰
114 261 155 308 Vis
167 262 273 322 excipere
290 252 435 310 tremendam
454 263 518 310 illem
535 263 690 323 damnationis
705 267 800 309 senten-

41 337 117 389 tiam?
126 349 163 383 res
176 335 302 395 estraellis,
311 337 358 384 loto
367 337 406 383 oie
418 343 450 384 est
459 339 606 400 [l};sequere
619 338 797 392 multitudinem,

41 425 111 471 perge
118 425 163 471 quo
170 411 261 471 coepisti
270 411 336 470 pede,
345 418 480 473 quouetura
488 417 512 459 et
520 412 797 475 eoncupiscentierergit.

71 490 97 533 4⁰
109 488 149 534 Vis
168 487 422 548 excipereoptabileni
445 479 526 536 illam?
545 490 582 551 fae
603 490 703 551 primum
722 489 799 547 clipeos

40 562 177 622 penitentie
184 560 276 621 fructos
284 563 321 623 (2),
334 563 417 611 deiude
430 565 543 612 contende
554 566 645 613 intrare
656 579 698 627 per
715 577 799 624 enpan-

41 643 88 684 tom
98 641 188 696 purtem
197 637 234 696 (3),
249 637 342 685 arribula
354 652 407 686 oum
419 639 500 699 paneis
511 640 666 689 insoliditate
676 644 697 686 et
705 639 799 700 pertitio

41 712 142 758 orrrnidue
152 711 285 760 diebusvitae
298 719 345 760 tuee
356 714 394 774 (tl.

71 785 216 848 colloquium
226 787 256 834 ad
266 787 382 836 Christum
391 788 549 850 muneremur
561 791 638 851 potius
650 790 796 839 salvatorem.
851 834 853 836 ,

39 861 177 917 Recordare,
191 864 245 910 lese
251 863 298 924 pie,
311 864 426 924 quodsum
439 876 506 911 reuse
514 870 559 912 titre
568 864 621 925 oie,
632 871 677 913 ete.

316 1003 336 1048 ll
351 1000 522 1050 MEDITATIO.
556 1017 565 1036 ·'

274 1102 307 1147 Be
323 1100 413 1148 Jodioe'o
427 1088 562 1173 uniuersali.

65 1201 187 1243 Praeteritum,
197 1202 215 1238 1.
223 1219 250 1229 -
257 1197 350 1249 Spectere
360 1209 430 1239 omnes
440 1198 525 1249 populos
535 1198 558 1239 in
568 1199 619 1239 valle
635 1198 730 1250 iosaphat
746 1210 799 1238 oon-

39 1259 138 1305 gregatos,
155 1258 174 1291 et
190 1252 290 1292 Christum
307 1252 419 1291 venientem
433 1251 455 1290 in
471 1251 558 1290 nubibus
575 1252 619 1292 oceli
639 1263 683 1291 oum
702 1257 798 1302 potestate

39 1317 113 1356 magna
123 1311 142 1343 et
152 1305 264 1355 majestate.

37 1396 40 1399 ·
65 1380 187 1416 Praetutiani
198 1380 225 1418 ΙΙ.
243 1397 269 1406 -
285 1377 355 1416 Petere
368 1376 460 1417 timorem
474 1376 548 1418 Judioii
567 1378 682 1428 salutarem,
698 1388 737 1428 quo
748 1377 799 1416 illud

38 1430 158 1481 praeveniam
170 1434 241 1469 memet
249 1428 366 1479 judicando.

63 1521 185 1573 ,Puerorum
195 1519 214 1563 l.
227 1544 253 1552 -
267 1518 394 1564 Considera
406 1531 460 1564 oum
469 1527 571 1564 tremore
582 1518 660 1564 omnia
670 1519 756 1578 praevia
767 1518 796 1564 ad

37 1595 154 1641 iudicium
166 1593 304 1641 universale,

68 1672 94 1715 l0
105 1671 184 1718 Erant
200 1668 264 1731 sipon
274 1669 300 1716 in
309 1669 353 1715 sole
365 1674 386 1716 et
401 1670 464 1725 lune,
475 1667 541 1716 ooelis
550 1672 575 1716 et
585 1669 719 1728 elementis;
732 1683 797 1717 ores·-

37 1748 137 1795 eerrtilros
147 1746 273 1794 nominibus
278 1759 329 1807 prce
338 1745 418 1793 timore
429 1746 467 1805 (5).

56 1829 93 1873 Ἓῡ
104 1822 222 1871 Praeoedet
234 1823 364 1883 persecutio
375 1822 511 1869 Antichristi
527 1822 663 1878 saevissima,
676 1836 729 1869 oum
742 1837 797 1884 pro-

37 1901 114 1960 digiis,
125 1900 209 1961 quihus
217 1903 308 1945 tantum
319 1910 365 1950 non
375 1895 401 1943 in
413 1912 514 1944 errorem
524 1898 665 1944 indecenter
675 1898 720 1957 ipsi
729 1898 798 1946 etiem

37 1976 107 2031 eiecti,
120 1981 214 2036 propter
225 1988 279 2035 quos
291 1973 454 2020 breviabuntur
466 1974 512 2021 dier
524 1972 561 2022 elli
572 1974 609 2034 (6).

12 2082 14 2084 -
68 2054 93 2097 30
105 2050 218 2098 Suoeedet
237 2048 389 2108 conflagratio
410 2048 555 2105 universalis⁷
572 2048 726 2108 inexpectata,
740 2048 796 2094 nulli

20 2165 21 2168 ,
36 2138 141 2188 parcens,
151 2125 228 2171 omnia
241 2124 294 2183 igne
304 2122 441 2170 dissolvens.

68 2204 93 2247 to
107 2200 197 2261 Ubique
212 2200 319 2247 audietur
337 2197 391 2246 tubo
405 2198 545 2253 horrendum
556 2198 665 2244 insonans
677 2213 683 2243 :
695 2199 793 2260 surgite,

37 2276 130 2330 mortui,
142 2276 219 2320 venite
230 2276 259 2322 ad
271 2275 396 2321 iudicium.
589 2272 591 2275 ⁴

66 2354 92 2398 50
104 2352 133 2398 In
138 2352 204 2410 jussu
213 2350 351 2410 Areltonpeli
362 2350 448 2397 mortui
456 2363 529 2397 omnes
540 2348 618 2396 statim
626 2357 746 2409 reserpere
754 2351 792 2410 (7),

36 2428 122 2476 diuersi
134 2440 174 2486 pro
185 2425 320 2472 diversitate
331 2426 472 2471 meritorum.

58 2548 83 2593 (ll
92 2546 159 2582 llattlr.
168 2553 201 2582 rrr.
449 2544 476 2588 (5)
485 2542 531 2582 Luo.
539 2553 578 2579 uxr.

58 2593 176 2636 (meant.
448 2591 474 2632 (6)
480 2587 549 2625 Matth.
556 2598 604 2625 intr.

44 2635 159 2681 ‘mmuh'
168 2646 202 2672 vn,
385 2652 387 2654 -
444 2633 471 2680 (7)
481 2635 498 2670 1.
508 2634 615 2674 Thessalos.
627 2643 656 2673 tt.

56 2684 82 2729 (tt
89 2682 133 2718 Luo.
142 2691 155 2716 1.
