1715 2908
54 153 103 201 248
265 169 321 203 oras
339 169 476 204 mansimus
487 142 604 209 'sumnus

45 264 47 277 ⁴
84 267 110 308 ΞΟ
129 264 257 309 Deducitur
276 267 304 310 ad
325 270 415 311 Annam
434 265 542 324 primum,
557 264 770 323 ubi,interrogatus
788 266 817 311 de

55 336 160 382 doctrina
172 343 194 381 et
206 337 333 397 discipulis,
348 352 390 398 pro
403 338 496 383 innoxio
509 344 531 384 et
545 339 594 383 miti
608 352 717 400 responso
731 340 817 397 accipit

55 412 146 471 alapam
169 426 180 456 a
204 413 311 457 ministro
337 413 484 472 injrrsso,sed
508 413 663 473 applaudente
685 420 755 467 ooetu,
775 427 817 460 nec

52 474 139 545 justam
150 487 197 532 laesi
211 490 384 534 excusationem
398 488 519 548 probante.
532 488 589 546 Quae
609 488 749 546 indignitas!
765 490 817 549 quis

56 560 139 607 Christi
152 561 245 606 sensus!

86 639 110 680 30
123 635 154 682 Et
170 636 232 681 arrisit
245 650 295 682 euru
306 637 387 683 Artatus
404 636 498 696 lipotum
514 636 544 682 od
563 636 681 695 Guipbem,
690 637 818 696 peotificem

55 710 108 755 anni
124 709 191 765 illius,
206 724 266 756 nova
279 707 411 770 ignominiae
425 711 566 756 accessione.

88 788 200 831 Puncrunr
213 788 240 831 ll,
253 813 280 820 —
293 787 419 833 calumniae
432 792 455 832 et
464 787 611 832 contumeliae
621 788 681 846 apird
697 787 816 847 Caipharn.

87 864 111 905 l0
133 861 251 921 Principes
268 862 408 909 sacerdotem
428 867 449 907 et
471 876 533 908 arurae
552 862 669 908 corrodium
690 862 819 921 quaerebant

56 938 139 997 {lituum
159 938 309 984 testimouium.
329 947 408 984 contre
426 939 511 992 lesum,
533 945 559 984 art
583 952 632 983 euru
651 938 720 984 morti
739 939 819 985 trude-

56 1019 109 1058 rent
118 1013 156 1072 (ll.
169 1014 212 1059 Hic
225 1014 276 1059 linis
289 1027 376 1067 eorum,
392 1014 448 1059 illud
463 1014 573 1068 medium,
588 1019 612 1057 ut
630 1014 682 1072 jure
691 1014 819 1059 ‘damnatus

58 1093 80 1133 et
93 1089 183 1133 occisus
201 1089 326 1134 videretur.
346 1089 380 1135 Et
396 1103 442 1134 nort
462 1089 607 1141 inverterunt,
621 1102 670 1133 cum
683 1088 751 1134 multi
766 1088 819 1147 fulsi
842 1080 844 1085 ’

58 1168 122 1208 testea
132 1163 280 1217 accessissent,
293 1163 329 1209 vel
342 1171 437 1222 sponte;
449 1176 547 1223 quorum
560 1164 692 1209 testimonia
705 1176 750 1208 non
762 1177 819 1208 con-

58 1238 196 1289 sentiebant,
212 1239 269 1283 adeo
281 1238 393 1284 attentetur
400 1238 511 1297 iniquitas
523 1238 566 1284 sibi
580 1239 617 1297 (tl,
633 1238 690 1283 adeo
703 1245 758 1284 nota
770 1244 820 1284 erat

59 1315 190 1360 innocentia
201 1315 263 1369 lesu,
277 1322 301 1360 ut
314 1328 360 1360 non
370 1314 512 1374 relinqueret
524 1314 601 1359 locum
613 1313 744 1359 calumniae.
756 1313 820 1359 Jeaus

58 1395 142 1442 erilem,
154 1390 195 1435 etsi
209 1389 403 1449 interpellaretur,
419 1388 504 1435 tacebat
516 1388 553 1447 (3).
565 1389 593 1433 Et
608 1396 640 1442 tu,
656 1389 719 1434 disee
732 1396 818 1435 tacere.

90 1464 168 1508 arsen
181 1464 302 1522 adjuratus
313 1463 446 1509 aPontifiee
459 1472 604 1522 exsurgente,
619 1464 742 1509 confitetor
754 1464 820 1522 inge-

59 1551 103 1582 nue
117 1551 141 1583 se
152 1551 203 1583 esse
213 1538 329 1584 Christum
339 1539 382 1583 Dei
392 1538 483 1593 Filium,
497 1538 603 1597 qrramvis
616 1539 685 1584 sciret
698 1538 752 1583 inde
763 1552 820 1583 mor·

61 1619 106 1656 tem
121 1612 164 1658 sibi
178 1614 308 1657 imminere.
322 1614 382 1657 Nam
394 1612 446 1657 ideo
464 1619 574 1671 tanquam
587 1612 734 1671 blasphemus
746 1613 820 1657 tradu·

58 1686 127 1740 citur,
142 1693 165 1731 et
183 1687 265 1731 mortis
280 1700 333 1731 reus
351 1687 482 1732 deelaratur
503 1688 531 1731 ab
555 1687 669 1731 omnibus.
685 1687 747 1731 Turre
763 1687 821 1731 entre

59 1761 167 1820 Princeps
178 1761 329 1814 secerdotum,
341 1769 421 1807 eontra
435 1761 517 1819 legem,
532 1761 587 1806 scidi
616 1761 750 1806 vestimento
770 1774 818 1812 auo,

58 1836 133 1881 (licens
144 1851 150 1881 .·
164 1836 339 1896 Blusplremooit,
347 1837 401 1895 quid
413 1837 484 1882 adhue
493 1851 578 1895 operatus
589 1837 698 1883 testibus?
707 1851 752 1882 ecee
762 1849 820 1881 narare

1 1912 3 1914 ’
59 1911 156 1956 erudistis
176 1911 347 1969 bluspbemlurrz;
369 1911 422 1970 quid
436 1911 498 1956 votis
511 1911 619 1958 uidetur?
634 1913 667 1957 At
679 1911 715 1958 illl
726 1925 820 1970 cespon-

59 1987 143 2039 dentes,
157 1987 267 2031 dicerunt
278 2001 284 2031 :
297 1986 358 2031 Reos
370 1986 502 2032 estraellis.
815 1987 817 1990 ’

90 2064 114 2106 30
128 2062 190 2106 Tune
201 2067 339 2120 exspuerunt
352 2061 377 2105 io
394 2061 474 2119 foetent
490 2061 545 2119 epus,
555 2066 576 2105 et
589 2061 686 2120 colaph-is
704 2075 753 2106 eoru
763 2060 821 2106 ceei-

60 2137 150 2181 deruut.
165 2137 208 2181 Hie
220 2136 306 2195 quippe
321 2136 394 2181 houm
404 2136 462 2181 Filio
475 2136 517 2180 Dei
531 2135 560 2180 ab
574 2135 649 2195 impiis
663 2135 820 2181 sacerdotibus

61 2212 176 2256 exhibitus
188 2226 192 2254 ε
203 2211 253 2257 haeo
263 2224 317 2270 pars
335 2211 433 2256 liliorum
442 2211 492 2256 Dei.

91 2288 205 2333 Puncruar
216 2287 253 2331 ΙΙΙ,
267 2312 294 2319 -
309 2286 448 2336 Recentibus
458 2287 544 2345 iniquis
553 2285 678 2345 iudicibus,
693 2292 742 2332 tota
754 2291 821 2332 nocte

62 2363 86 2408 dt
101 2362 224 2407 ludibrium
239 2361 312 2408 turbae
323 2362 471 2415 custodienti,
482 2375 535 2421 qliae
543 2361 666 2420 impiorum
675 2360 821 2408 sacerdotum

62 2438 164 2497 exempla
180 2438 320 2499 sequebatur
336 2443 358 2483 et
371 2437 504 2499 superabat.
518 2437 577 2495 Nam
597 2437 652 2491 oiri,
663 2437 700 2496 qui
721 2436 821 2483 terteburrt

62 2530 119 2568 eunt,
134 2514 256 2560 illudebant
269 2513 290 2559 ei
301 2513 415 2568 cedentes,
428 2519 450 2560 et
464 2514 597 2559 deleverunt
608 2527 665 2566 eum,
678 2519 698 2559 et
706 2511 822 2573 percutie-

84 2637 109 2680 tl}
119 2635 186 2672 llatth.
195 2646 247 2672 xxvi.
478 2636 506 2682 (3)
514 2635 638 2673 Matrona.

86 2683 114 2727 (Ξ)
123 2682 194 2718 Psalrn.
205 2691 253 2720 xxm.
