1715 2908
193 181 307 221 33333333
324 184 493 218 3333333333
520 183 616 217 enimus
736 166 785 214 287

26 274 142 323 occultum
155 278 237 324 vulnus
255 279 375 338 detergere
390 280 455 328 :Nos
473 285 547 326 cutem
564 279 718 340 sperabamus,
732 278 787 338 quio

25 350 70 410 ipse
82 359 136 399 esset
148 354 305 415 redempturus
318 356 389 403 Isroot
395 371 404 412 ,·
417 361 439 402 33
450 368 510 401 uuuo
522 355 591 403 tortio
602 355 649 401 33333
667 349 699 401 est
713 353 785 407 333333,

25 426 83 485 quod
94 428 139 475 3333
149 429 212 488 tuoto
222 435 276 476 suut
287 430 344 490 (tt...
359 431 490 478 Ostendunt
501 444 527 477 33
536 432 585 491 3333
595 430 658 478 omni
669 442 711 491 spe
722 429 788 476 exci-

25 501 95 549 disse.

56 579 171 628 Puuormr
187 581 215 627 u.
229 606 257 615 —
270 583 356 642 Aperte
373 581 452 629 morbo
463 595 564 643 praesens
576 581 706 630 remedium
717 580 787 629 adhi-

25 652 73 700 bet.

57 732 82 774 30
93 730 184 777 Acriter
203 731 244 777 sed
262 738 366 778 amenter
386 733 563 793 redarguendo:
577 733 670 780 Ostutti
687 740 709 780 33
724 732 789 779 torui

28 806 92 850 eorde
105 806 275 853 adcredeuduru
287 808 448 868 omnibusque
467 808 535 854 locuti
549 807 603 855 suut
612 809 731 867 Prophetae
744 806 785 867 3233

57 885 83 929 30
93 881 217 940 Educendo
232 897 259 928 ex
269 883 396 943 Scripturis
407 884 532 944 oportuisse
546 884 663 930 Christum
674 884 719 930 3333
729 882 788 942 poti,

27 956 95 1011 mori,
107 963 129 1004 et
139 971 257 1017 resurqere
269 973 283 1005 a
295 960 402 1017 mortuis,
414 966 435 1005 33
450 960 484 1005 333
497 960 590 1005 demum
602 959 694 1006 intrare
705 959 732 1005 iu
741 959 788 1018 ylo·

27 1034 88 1079 riom
98 1048 170 1080 suom.
185 1034 250 1092 Quod
263 1035 296 1079 3333
308 1049 352 1081 333
361 1035 529 1095 intelligebant.

39 1101 41 1103 ’
59 1112 83 1153 30
97 1110 251 1169 Apertioneet
261 1109 453 1169 interpretatione
464 1110 637 1170 Scripturarum
648 1109 699 1154 illos
712 1121 792 1153 accen·

28 1184 112 1238 dendo,
126 1189 152 1228 ut
163 1188 243 1243 postea
256 1184 364 1230 dicebant
373 1184 467 1232 :Nouue
478 1199 516 1230 eor
531 1191 635 1230 uestrum
647 1183 730 1229 33333333
740 1188 791 1227 erut

27 1256 134 1312 torrebis,
147 1259 200 1303 otum
215 1260 344 1318 toqtoeretur
356 1259 381 1303 iu
393 1258 439 1313 oio,
451 1264 471 1305 et
490 1258 591 1319 operiret
609 1258 673 1304 uobis
686 1256 791 1315 83333333-

29 1334 104 1392 333333
84 1333 220 1379 33533333
192 1325 478 1392 ttu'uagecimdeviiset
487 1333 628 1380 errantibus.

58 1408 175 1456 Pomorum
187 1408 265 1454 III.—
278 1408 325 1455 Illis
343 1409 488 1469 praeparatiS,
501 1423 526 1456 se
538 1408 634 1456 taudem
647 1421 791 1468 cognoscen-

23 1484 83 1530 -dum
95 1484 192 1543 praebe

59 1562 85 1604 30
98 1561 152 1606 Cast
154 1560 197 1606 3133
209 1574 254 1621 quo
265 1560 329 1606 ibant
338 1561 513 1622 appropinquari
515 1560 586 1619 tibus,
593 1561 661 1621 333933
669 1574 692 1606 33
704 1560 791 1621 33333333
817 1589 822 1599 ·

28 1636 104 1690 33333
115 1637 261 1682 occasionem
271 1637 374 1696 praebeat
386 1637 509 1683 exercendi
519 1637 712 1697 hospitalitatem,
721 1650 793 1695 seque

29 1719 134 1759 amanter
152 1712 279 1768 invitandi3
298 1714 344 1759 imo
365 1727 390 1760 33
408 1714 509 1774 quodum
530 1714 598 1759 modo
617 1714 668 1773 cogi
683 1713 738 1759 sinit
756 1712 792 1757 his

29 1787 106 1835 verbis
118 1803 124 1835 :
136 1788 204 1837 333333
218 1787 338 1843 uobiscum,
351 1788 456 1843 Domine,
468 1789 522 1849 quio
538 1789 703 1849 advesperascit
712 1788 750 1848 (b).
762 1787 793 1833 Et

30 1864 208 1911 tandem‘iibens
220 1863 357 1928 ingreditur,
370 1869 394 1910 et
403 1865 518 1911 recumbit
530 1878 583 1911 cum
596 1864 649 1910 33333.

58 1942 121 1989 3013
131 1940 243 1986 fractione
255 1939 322 2000 panis
334 1940 363 1986 ab
375 1940 422 1987 33333
438 1941 539 2001 agnitus,
553 1940 633 1987 stetim
644 1938 754 1986 eoouesor‘t
765 1939 794 1985 33

29 2017 98 2065 oeulis
108 2031 193 2064 eorum.
206 2018 231 2062 ln
243 2030 288 2076 quo
299 2023 329 2062 et
334 2016 370 2064 vis
381 2016 526 2064 Sacramenti
536 2030 561 2062 33
574 2016 697 2076 prodiuet
674 2015 793 2062 etuisita-

31 2094 99 2142 tionis
111 2093 197 2140 divinae
208 2092 300 2140 bonitas
312 2094 453 2151 agnoscitur.
755 2112 757 2115 v
775 2101 778 2110 ”

60 2174 84 2216 30
95 2170 137 2223 lui,
152 2168 309 2215 miraculo
275 2173 299 2215 a
301 2169 359 2214 tonit
361 2169 414 2223 i,et
391 2167 491 2215 ett'solu
476 2175 508 2214 333
521 2167 591 2227 pleni,
605 2172 726 2213 revertunt
727 2180 761 2212 uo
756 2131 795 2212 ut

29 2244 203 2307 3333333333
179 2250 203 2289 33
223 2243 330 2290 undecim
347 2242 463 2302 Apostolis
483 2243 581 2302 aliisque
592 2241 721 2300 Discipulis
735 2247 793 2287 otin-

30 2322 133 2382 gregatis
148 2325 245 2372 narrant
262 2319 338 2365 omnia
351 2332 399 2378 quoe
410 2323 472 2378 93333
482 2324 550 2364 erunt
559 2318 585 2363 iu
593 2316 640 2370 333,
652 2322 674 2364 33
686 2317 796 2377 quartoue

29 2411 82 2457 coqu
68 2394 173 2441 noverint
185 2408 235 2440 euru
244 2394 270 2440 33
282 2393 343 2453 fruet
344 2393 393 2439 ioue
404 2393 481 2452 ponis.
494 2393 524 2439 Et
536 2392 566 2439 ab
585 2393 618 2438 333
630 2392 742 2438 vicissim
747 2402 795 2437 auu·

30 2473 113 2518 diunt:
127 2470 238 2518 Surrexit
253 2469 363 2517 Dominus
377 2475 462 2516 333333
474 2468 584 2529 opposuit
602 2467 751 2528 Simonitfi)
748 2468 794 2555 Siti

50 2614 77 2658 (tt
86 2614 130 2653 Luc.
137 2622 189 2651 xxm.
444 2610 554 2655 (3313333333.

51 2661 79 2706 (33
88 2660 166 2696 Ibidem.
444 2652 470 2702 (bt
478 2656 556 2697 Ibidem,

52 2706 79 2752 33)
87 2706 166 2743 3333333333
