1715 2908
60 159 93 214 58
343 177 399 217 ains
424 175 541 222 anundus
572 192 573 195 ¹

57 276 131 321 ‘verbo
148 281 172 323 θί
193 272 270 336 opere,
284 278 344 324 adde
362 292 390 323 ea
408 291 460 338 quae
478 276 602 323 omissione
614 281 637 322 et
649 275 767 330 scandalo,
782 288 822 320 sen

62 351 117 398 data
133 354 254 399 occasione
272 352 434 400 admittuntur.
446 354 505 400 Item
521 353 567 400 alia
579 353 624 399 tria
636 365 728 411 genera,
741 357 822 396 contra

61 427 144 483 Deum,
154 428 292 487 proximum,
309 434 331 473 te
344 429 427 488 ipsum.

66 548 69 554 ,
92 503 119 547 ΙΙ.
129 503 232 548 -.Circa
245 517 341 550 examen
355 502 525 564 quotidianum.
533 506 559 548 ιθ
569 504 629 563 Lege
641 506 749 549 accurate
761 500 825 560 quin·

63 591 107 637 que
117 585 202 636 puncta
214 578 237 622 in
248 578 335 624 Libello
346 578 515 624 Exercit'uorum
526 578 603 646 posita
615 585 638 623 θι
651 576 772 623 seruanda.

92 657 117 699 2⁰
133 652 191 698 Vide
209 653 352 712 singulorum
369 653 580 710 necessitmatem
555 643 642 699 utilitat
609 660 720 700 fremet
738 665 824 698 conve-

63 728 182 773 nicotiam

92 803 162 848 Primi
175 804 269 864 quidem
288 787 317 851 ad
336 805 520 864 respondendum
534 804 652 850 beneficiis
669 818 710 865 per
723 804 824 866 gratitu-

62 880 148 938 dinem,
162 879 301 941 illorumque
321 880 481 927 recordatione
498 890 521 925 et
535 879 678 940 oppositione
694 880 824 940 augendum

62 954 205 1001 doloremde
216 956 326 1014 peccatis.
791 996 792 999 ,

93 1029 200 1084 Secundi,
215 1030 269 1087 utria
289 1030 317 1074 ad
336 1021 499 1087 cognitionem,
514 1030 692 1074 detestationem
705 1035 729 1073 θι
745 1042 825 1073 emen-

63 1104 179 1149 dationem
192 1109 340 1163 peccatorum
353 1104 429 1163 gratia
439 1104 570 1150 necessaria
582 1109 625 1150 ost.

93 1177 173 1232 Tertii⁷
191 1178 246 1237 quia
261 1179 328 1237 juvat
350 1178 485 1224 memoriam
508 1191 643 1237 percurrere
666 1178 743 1234 horas,
765 1178 822 1233 loca,

63 1265 180 1311 personas,
196 1254 287 1311 negotia
301 1264 353 1313 quae
364 1254 485 1312 gessimus.
711 1242 713 1244 ¹

93 1328 173 1384 Quarti
185 1337 208 1373 θι
221 1328 308 1387 quinti;
322 1328 378 1388 quia
390 1329 413 1373 in
429 1328 466 1374 his
485 1329 631 1388 potissimum
644 1328 750 1374 consistit
761 1329 825 1373 fruc-

64 1410 101 1449 tus
112 1403 238 1457 Exarninis,
252 1417 335 1464 nempe
353 1404 377 1449 in
389 1405 541 1464 paenitudine,
554 1409 578 1449 θι
590 1404 758 1450 emendationis
770 1418 825 1464 pro-

63 1479 142 1534 rosilo,
156 1492 208 1538 qum
219 1479 248 1524 ad
262 1492 341 1525 veram
354 1480 516 1525 contritionem
528 1480 655 1540 pertinent.

93 1558 119 1599 3⁰
130 1554 302 1601 Consideranda
318 1555 386 1614 hujus
402 1555 515 1601 examinis
533 1568 623 1600 summa
636 1554 731 1609 utilitas,
745 1555 791 1600 imo
802 1561 825 1599 ot

64 1631 189 1676 necessitas
202 1630 231 1675 ad
242 1629 390 1675 obtinendam
403 1630 551 1676 conscientiae
564 1631 704 1690 puritatem:
719 1644 764 1689 quo
776 1629 825 1675 solo

57 1704 116 1749 ‘cum
128 1704 201 1749 Sociis
213 1704 322 1750 utebatur
336 1708 430 1749 sanctus
447 1704 551 1761 Ignatius
567 1711 670 1762 tempore
685 1703 823 1755 studiorum,

64 1786 87 1823 ct
98 1779 159 1838 quod
177 1780 263 1825 nostris
276 1779 374 1824 maxime
391 1778 568 1825 commendabat
581 1785 674 1824 sanctus
689 1779 825 1824 Frarioiscus

63 1853 188 1908 Xaverius‚
203 1855 226 1898 in
237 1852 281 1899 hoc
293 1853 464 1913 perlectaevitae
476 1853 594 1899 cardinem
604 1854 663 1899 verti
677 1851 749 1898 ratus.

94 1931 119 1975 l⁰
130 1929 233 1975 llludbis
250 1930 275 1974 in
293 1928 330 1974 die
346 1928 423 1975 facere
443 1919 562 1981 dehemus
575 1940 636 1972 cum·
646 1928 707 1973 domi
723 1928 824 1986 agimus3

63 2018 115 2051 cum
127 2005 183 2050 loris
195 2018 284 2060 sumus,
297 2011 322 2050 ut
338 2004 361 2049 in
374 2003 529 2058 missionibus,
543 2002 626 2049 saltem
638 2004 708 2048 semel
721 2018 825 2063 vespere.

94 2082 120 2123 50
131 2080 255 2139 Nunquam
275 2079 438 2125 omittendum.
457 2066 577 2125 llaluisset
595 2079 680 2125 Suarez
696 2079 826 2124 doctrinam

65 2167 130 2199 suam
143 2159 208 2200 tanto
225 2162 320 2213 tamque
333 2153 442 2199 diuturno
455 2152 533 2200 labore
551 2159 643 2212 partam
660 2152 753 2198 omnino
772 2167 827 2213 per·
839 2175 840 2178 =

65 2230 128 2282 dore,
141 2243 210 2288 quam
223 2228 373 2275 conscientiae
384 2229 486 2275 Examen
499 2228 616 2273 omittere.

96 2307 121 2348 6⁰
131 2304 176 2350 Sed
189 2316 316 2364 numquam
327 2303 484 2364 pertunctorie
497 2308 520 2348 et
533 2302 675 2362 negligenter
687 2304 827 2360 laciendum,

67 2386 92 2425 ut
103 2392 164 2439 saepe
175 2379 200 2425 dt
212 2374 295 2439 magno
308 2379 456 2445 perfectiouis
467 2379 626 2439 dispendio‚et
636 2378 701 2425 falsae
714 2381 828 2440 poeniten-

67 2456 106 2501 tiae
116 2454 232 2514 periculo:
448 2447 451 2452 ⁴

96 2530 122 2574 7⁰
132 2531 158 2575 In
169 2530 280 2576 Examine
292 2535 367 2576 matut
369 2530 406 2575 ino
424 2531 497 2589 magis
516 2529 668 2576 insistendum
681 2531 830 2602 exquirendis

67 2605 130 2667 pevit
122 2604 198 2651 landis
211 2605 317 2664 lapsuum
330 2605 414 2660 causis,
428 2606 452 2651 in
464 2610 557 2664 vespert
559 2604 597 2651 ino
614 2605 730 2651 dolorit
707 2611 730 2652 et
744 2618 831 2706 propo*

81 2681 114 2728 ito
81 2687 167 2742 rtpo
170 2681 273 2729 issimum
284 2681 421 2744 vacandum.
