1715 2812
43 118 60 169 6
354 134 494 170 rnmrnrro

44 250 93 281 non
106 233 187 282 solum
197 233 303 296 singulis
317 234 473 298 septimanis,
489 237 532 285 sed
544 237 651 301 singulis
663 252 740 302 prope
753 238 808 287 die-

46 319 90 365 bus
110 316 174 365 alias
187 320 213 365 et
231 316 293 365 alias
319 318 438 380 assigno„
453 319 660 370 illeditationilius
685 321 734 369 diei
747 338 808 370 con-

46 404 176 464 gruentes,
191 404 216 449 et
228 401 284 463 ipsa
296 401 346 450 diei
363 406 460 451 tessera
472 402 514 450 uel
527 418 668 467 expressas,
685 405 727 452 rel
744 405 807 453 indi-

45 486 124 532 catast

78 566 106 615 50
125 567 153 614 ln
168 566 281 629 singulos
295 582 392 630 quoque
405 568 458 617 dies
471 570 572 632 assigno
589 570 723 620 Lectiones
742 571 807 634 pias,

44 652 120 699 rebus
131 649 284 699 meditandis
297 650 374 700 etiam
389 655 570 715 congruentes;
584 655 610 702 et
624 654 650 702 l⁰
662 654 763 717 quidem
777 670 809 702 en

45 735 142 784 Libello
164 725 352 785 Exercitiorum
369 738 395 785 et
416 734 566 799 Direetorio,
592 737 629 786 ita
654 742 682 787 ut
700 741 806 802 uterque

44 819 121 867 Liber
140 819 287 867 absolvatur
310 820 336 867 in
359 804 458 868 secessu
478 835 554 882 :quae
573 821 661 869 Lectio
683 837 809 885 nunquam

45 902 193 950 omittenda.
208 901 235 949 2⁰
248 902 299 950 Pro
312 901 418 964 singulis
427 902 590 951 hebdomadis
604 903 705 966 assigno
716 904 808 952 solidas

44 984 177 1032 Lectiones
191 999 222 1031 er
237 984 314 1032 Libro
336 984 367 1033 Ρ.
385 984 489 1032 Antonii
507 985 627 1045 (lauder,
642 986 698 1033 aliis
719 986 809 1048 praeie-

44 1067 145 1115 rendas.
157 1067 184 1114 3⁰
197 1067 223 1115 ln
237 1067 344 1115 secunda
357 1066 514 1116 hebdomada
526 1071 552 1116 et
570 1068 665 1116 (inatus
678 1069 808 1129 sequenti-

44 1152 91 1199 bus
103 1149 236 1198 Lectiones
249 1149 314 1197 sacri
328 1151 414 1198 textus
426 1149 482 1197 lieri
497 1149 615 1198 convenit
632 1151 662 1198 de
679 1151 808 1213 mysteriis

46 1251 75 1282 eo
96 1234 136 1281 die
147 1232 307 1281 meditandis.
320 1233 346 1280 ΔΡ
358 1233 429 1281 Alias
448 1234 525 1281 etiam
545 1233 668 1296 subjungo
682 1250 713 1282 ex
725 1235 808 1284 Libris

47 1318 77 1365 de
96 1316 241 1363 imitatione
263 1316 367 1376 Christi,
389 1316 411 1364 si
432 1319 508 1364 vacat
533 1318 558 1363 et
578 1316 649 1375 libet,
670 1315 806 1366 faciendas.

26 1420 29 1425 ·
47 1399 74 1447 5⁰
90 1398 190 1446 Praeter
210 1379 390 1457 Meditationes
411 1400 437 1445 et
458 1397 591 1445 Lectiones
614 1397 679 1459 pias,
702 1397 808 1460 singulis

47 1481 134 1529 diebus
146 1479 247 1542 assigno
260 1479 501 1537 Ooiisiderationem,
514 1494 558 1527 seu
571 1479 751 1528 discussionem
763 1480 808 1528 ali-

45 1563 158 1627 quamde
171 1561 304 1625 praecipuis
321 1562 381 1609 vitae
394 1561 533 1624 spiritualis
545 1562 691 1621 Exercitiis
707 1562 808 1624 qualem

44 1646 159 1709 plerique
178 1644 365 1692 Exercitiorum
389 1643 559 1706 spiritualium
576 1644 695 1692 Editores
714 1645 810 1693 substi-
842 1690 846 1698 ,

44 1730 120 1776 tuunt
132 1726 303 1787 limitationi,
318 1729 344 1774 et
354 1728 451 1788 ponunt
463 1740 508 1787 pro
521 1725 598 1774 tertio
608 1725 658 1773 diei
667 1726 807 1774 Exercitio

45 1810 110 1864 Quin
124 1813 149 1857 et
166 1809 198 1858 P.
212 1808 337 1857 Antonius
355 1808 466 1856 Ganrlier
477 1807 549 1871 ponit
562 1808 743 1857 discussionem
755 1809 809 1857 Re-

46 1893 179 1955 gnlarum‚
196 1891 243 1938 hoe
265 1890 331 1939 forte
351 1893 492 1953 praetextam
511 1892 576 1952 quod
598 1893 657 1953 post
676 1891 810 1953 prandium

47 1976 130 2026 minus
143 1978 216 2039 aptus
229 1977 268 2024 est
281 1975 378 2024 animus
392 1976 423 2024 ad
441 1973 591 2038 profundam
607 1974 807 2024 meditationem.

46 2061 167 2114 Quocirca
180 2059 267 2107 scribit
279 2040 310 2107 Ρ
322 2058 438 2121 ignatius
448 2057 561 2105 Diertins
571 2057 636 2104 hane
646 2057 746 2120 praxim
755 2073 810 2107 esse

45 2144 128 2192 minus
141 2157 274 2190 consonam
286 2141 366 2189 menti
384 2140 464 2189 sancti
480 2139 584 2204 Ignatii,
598 2126 641 2202 qui
656 2139 736 2188 variis
748 2140 809 2190 locis

46 2225 171 2290 praecipit,
184 2227 213 2273 nt
222 2228 276 2273 toto
291 2225 331 2272 die
344 2224 486 2273 haereamus
495 2223 521 2271 in
534 2222 621 2270 eadem
633 2222 751 2285 materia,
765 2226 809 2273 aut

45 2310 193 2373 repetendo,
202 2310 246 2355 aut
254 2322 342 2355 sensus
351 2307 507 2369 applicando.
517 2306 551 2354 Et
559 2306 606 2353 lice
613 2306 714 2367 quidem
722 2321 809 2354 rernm

47 2394 97 2456 est,
110 2391 155 2441 sed
174 2391 263 2439 nullibi
280 2393 352 2440 uetat
369 2389 493 2453 ejusmodi
511 2389 678 2439 discussiones
688 2389 771 2437 iacere
783 2389 810 2438 in

46 2469 197 2536 Exercitiis3
208 2469 258 2521 imo
270 2473 354 2537 plures
364 2473 419 2536 ipse
431 2473 545 2536 assignat
560 2475 585 2521 et
596 2472 724 2536 proponit,
733 2474 762 2519 ut
772 2475 811 2521 est

47 2563 130 2611 totum
148 2559 278 2622 negotium
296 2556 444 2618 Electionis,
461 2556 634 2606 Consideratio
646 2557 677 2605 de
690 2556 811 2605 emenda¹¹

48 2645 117 2694 tione
130 2641 201 2702 vitae,
214 2645 258 2689 aut
270 2640 300 2688 de
313 2639 489 2704 eleemosynis,
503 2639 609 2703 Regula
621 2641 652 2688 de
664 2637 735 2689 uictu
746 2641 812 2689 tern-
