1715 2908
44 113 95 167 316
135 101 137 103 *
238 129 294 166 nius
311 129 613 167 carensibussnounuus

44 225 130 285 hymno
143 226 200 281 Aee,
210 226 283 272 moris
293 226 365 281 stelle,
379 234 402 273 et
412 225 516 274 oratione
528 226 633 286 Defende.
642 226 692 284 Qua
705 232 804 287 utraque

44 300 167 347 devotione
178 298 270 348 videtur
280 303 384 349 Societas
394 317 435 349 nos
446 303 475 348 ad
487 302 586 349 similem
597 304 699 349 excitare
710 310 732 348 et
743 303 805 362 adju·
845 349 847 352 .

44 390 108 424 vare.
122 378 150 424 Et
163 377 212 424 haec
224 378 271 423 lere
284 378 333 426 sola
343 379 403 439 apud
416 386 457 425 nos
470 371 599 426 communis
611 384 635 425 et
646 378 737 439 publica
748 393 804 438 pre-

45 453 162 499 eatioest.

73 530 102 575 Il.
117 530 186 576 -Ut
198 535 261 576 recte
274 531 323 577 fiat.

74 607 100 649 l0
110 605 190 650 Enndo
202 606 231 651 ad
240 606 343 652 Litanias
355 607 457 653 animum
468 605 558 666 collige,
570 607 675 667 proxima
685 607 803 667 praeterita

44 681 187 726 recreatione
198 681 341 742 aliquantum
353 682 498 741 dissipatum.

74 761 100 804 2⁰
111 756 248 802 Provolutus
258 758 281 801 in
296 771 370 815 genna
383 757 459 816 aspice
477 756 548 803 coelos
564 763 663 817 apertos,
679 762 701 802 et
720 757 803 803 cceles-

44 837 92 875 tem
109 832 207 877 Curiam
218 833 241 876 in
256 833 289 877 eis
307 838 454 891 regnantem3
469 839 491 877 et
512 833 611 891 primum
628 833 802 878 Sanctissimam

8 935 9 938 =
44 905 190 962 Trinitatem,
202 907 226 951 in
238 907 295 953 solio
307 906 396 952 excelso
415 912 438 952 et
452 906 541 954 elevato
562 907 689 961 sedentem,
702 906 803 965 Angelo-

43 996 103 1036 rum,
119 982 303 1041 Sanctorumque
319 981 419 1027 millibus
439 982 614 1042 circumdatam,
632 995 730 1041 eamque
751 995 802 1027 cum
850 995 853 998 ’

43 1056 100 1116 ipsis
110 1058 154 1102 snb
163 1056 255 1102 initium
267 1057 409 1102 Litaniarum
420 1056 516 1116 supplex
527 1057 606 1112 adora,
619 1056 802 1102 misericordiam

44 1132 94 1190 ejus
104 1132 238 1191 deprecans.
675 1151 677 1154 >
794 1181 796 1183 ¹

73 1210 98 1253 30
120 1207 216 1262 Deinde,
239 1206 306 1269 quasi
326 1206 521 1267 supplicabundus
547 1207 632 1254 coelum
653 1205 799 1260 circumiens,

42 1297 123 1331 omnes
134 1291 157 1330 et
169 1283 401 1342 singulosBeatorum
414 1284 495 1329 choros
504 1297 614 1329 venerare
627 1288 650 1329 et
661 1284 698 1343 pie
710 1284 800 1338 invoca,

42 1373 123 1408 eorum
135 1359 290 1420 patrocinium
301 1372 406 1419 exposce,
420 1364 450 1414 ot,
466 1359 554 1404 intento
569 1359 592 1404 in
603 1358 705 1418 singulos
717 1359 800 1416 animo,

42 1435 156 1496 compella
168 1446 208 1481 eos
217 1435 284 1494 juxta
295 1434 389 1480 modum
406 1440 428 1479 et
441 1434 544 1479 ordinem
562 1434 591 1480 ab
608 1434 712 1480 Ecclesia
727 1449 802 1495 praes-

42 1511 152 1574 criptum.

73 1588 98 1632 40
110 1586 138 1631 Et
151 1584 329 1646 primoquidem
342 1584 409 1631 initio
422 1583 483 1630 lacto
496 1597 509 1630 a
523 1585 595 1631 Beata
607 1583 701 1643 Virgine
721 1585 801 1641 diaria,

42 1674 95 1708 eam
107 1660 192 1722 triplici
205 1660 297 1706 nomine
309 1659 466 1720 compellabis,
479 1672 520 1720 pro
536 1659 619 1720 triplici
631 1661 687 1705 cum
696 1660 802 1705 Personis

42 1737 128 1783 divinis
145 1736 257 1782 affinitate
274 1749 301 1781 ae
320 1736 414 1795 propria
432 1734 576 1790 excellentia,
588 1733 702 1794 dignitate
718 1742 742 1782 et
754 1748 802 1781 me-

41 1812 96 1858 rito.

70 1887 159 1932 Deinde
177 1885 318 1931 transeundo
336 1883 366 1930 ad
383 1889 516 1930 sanctornm
536 1883 677 1943 Angelorum
700 1884 800 1938 ordines,

42 1970 90 2008 tres
101 1975 128 2006 ex
141 1960 186 2006 illis
199 1960 222 2005 in
233 1960 359 2019 Scripturis
369 1959 499 2005 nominatos
515 1958 642 2018 appellabis
659 1972 700 2018 pro
718 1959 801 2018 triplici

40 2036 179 2091 hierarchia,
194 2041 216 2080 et
227 2036 250 2079 in
263 2034 366 2094 qualibet
377 2033 462 2093 triplici
473 2034 551 2090 choro,
560 2034 661 2093 reliquos
673 2035 696 2079 in
709 2048 800 2092 genero.

43 2110 102 2156 Tum
118 2109 261 2155 deveniendo
273 2108 305 2153 ad
318 2108 395 2153 varios
413 2111 545 2153 sanctorum
562 2107 682 2153 hominum
701 2107 800 2162 ordines,

40 2185 141 2245 primurn
154 2182 299 2229 Patriarchas
312 2188 335 2227 et
352 2181 486 2241 Prophetas,
498 2187 521 2227 et
540 2182 677 2228 nominatim
695 2192 802 2228 sanctum

40 2261 152 2306 loannem
173 2259 301 2318 Baptistam
322 2263 345 2302 et
364 2264 472 2302 sanctum
494 2257 619 2317 losephum
639 2259 800 2311 veneraberis;

41 2334 125 2382 deinde
136 2339 228 2380 sanctos
245 2331 367 2393 Apostolos
379 2337 401 2378 et
411 2330 571 2392 Evangelistas
584 2331 685 2392 singulos
699 2332 802 2394 appella-

41 2411 86 2459 bis.
100 2411 197 2457 Sanctos
209 2409 294 2456 Christi
312 2410 425 2471 Martyres
442 2409 576 2455 innumeros
593 2411 728 2469 generatim,
740 2423 802 2471 prae‘

41 2486 119 2533 missis
138 2486 274 2532 nominatim
292 2483 464 2543 illustrioribus,
477 2484 501 2530 in
517 2483 602 2546 quibus
618 2499 699 2545 agmen
715 2486 803 2531 ducunt

35 2563 185 2618 innocentes,
200 2567 280 2608 ettres
292 2562 394 2622 insignes
410 2560 582 2616 Archidiaconi‚
596 2570 724 2623 sequuntur
743 2570 803 2622 cirn-
845 2619 848 2622 ι

41 2644 95 2688 tuor
106 2638 171 2702 paria
182 2639 290 2686 Fratrum
299 2643 340 2686 aut
352 2637 480 2697 Sociorum,
493 2642 546 2700 post
561 2638 684 2686 Pontifices
702 2644 725 2692 et
741 2639 803 2685 Con-
