1715 2812
70 130 103 187 28
269 205 289 218 „
339 156 553 202 *utus—'suerrum

101 244 253 312 colloquium.
268 252 322 299 Pete
337 267 350 303 a
366 255 414 303 Deo
426 256 454 303 od
472 256 540 323 linem
557 260 623 306 tuum
638 252 744 306 ultimum
760 258 829 316 serio,

70 327 204 372 constanter
216 332 240 371 et
250 326 405 376 indesinenter
418 332 521 388 tendere,
530 338 554 379 et
564 333 598 379 sic
610 335 708 379 transire
719 348 759 394 per
770 334 831 380 hona

71 400 215 458 temporalia,
226 408 251 447 ut
263 417 308 448 non
320 406 414 471 amittas
425 412 522 454 aeterna.
534 409 606 454 Potor
617 403 701 457 noster.

324 541 359 586 ll.
376 541 588 589 lllEDITATlO.

353 638 386 683 De
403 639 475 685 eodem
490 640 543 699 fiae.

96 735 196 773 Pretorio
205 742 252 773 sant
263 739 337 776 eudem.

99 822 214 869 Pomorum
224 825 242 868 I.
257 851 284 858 -
296 826 349 869 Tria
360 824 409 870 haec
422 838 434 869 a
452 831 474 869 te
487 824 582 884 exquire
596 839 602 869 ε
615 826 636 870 Α
652 839 702 884 quo,
715 827 794 885 ou'ns,
809 832 831 872 et
850 841 852 844 ’

69 897 159 955 adquiri
168 897 214 943 sir?
225 901 251 942 l⁰
264 898 326 945 Unde
336 913 357 943 es
368 900 408 944 tn?
418 904 440 943 et
449 912 502 959 quae
514 899 578 957 origo
590 900 647 945 tua?
669 906 722 944 ante
735 907 829 946 eentum

68 986 141 1019 annos
152 972 208 1019 nihil
223 988 282 1021 eras.
295 974 360 1021 Unde
372 988 426 1035 ergo
439 974 547 1034 accepisti
565 973 589 1020 id
607 975 669 1035 quod
683 989 715 1030 es,
729 982 751 1022 et
768 976 829 1037 quod

68 1048 139 1096 hahes
149 1050 226 1096 nune?
236 1051 280 1096 ate.
291 1051 340 1110 ipso
353 1050 409 1095 nihil
420 1064 452 1105 es,
461 1050 517 1096 nihil
529 1050 608 1105 hahes,
618 1050 674 1095 nihil
685 1056 761 1111 potes,
771 1051 829 1097 nihil

68 1125 126 1184 agis.
138 1126 193 1173 Haec
205 1126 308 1174 omniaa
325 1127 373 1173 Deo
384 1126 503 1187 accepisti,
518 1132 541 1173 et
557 1126 715 1173 indesinenter
732 1128 837 1189 accipis,

68 1215 121 1261 qnae
139 1216 181 1248 nec
199 1202 242 1248 tihi
260 1203 323 1257 dare,
336 1216 378 1248 nec
396 1202 489 1248 aliunde
506 1193 620 1262 accipere,
634 1216 677 1248 neo
695 1203 742 1249 ullo
761 1204 830 1250 modo

67 1278 152 1324 mereri
164 1292 252 1337 posses.
263 1278 317 1325 Sine
330 1280 380 1337 ipso
398 1279 422 1323 in
440 1283 480 1323 tuo
495 1277 566 1323 nihilo
579 1278 751 1338 inperpetuum
762 1293 829 1325 man-

68 1354 146 1400 sisses.
159 1353 221 1399 Nihil
234 1367 288 1413 ergo
297 1353 339 1399 tibi
350 1353 456 1408 debetur,
468 1353 514 1399 nisi
526 1353 625 1412 abjectio
639 1360 661 1399 et
673 1360 827 1415 contemptus.

68 1431 111 1476 Die
125 1444 179 1489 ergo
192 1430 384 1490 frequentantibi
397 1431 440 1490 ipsi
454 1430 532 1484 :Quid
547 1429 620 1484 hohas,
630 1430 687 1489 quod
703 1445 750 1476 non
766 1446 830 1478 urre-

65 1504 141 1563 pirte'?
150 1506 177 1562 (l)
189 1505 274 1550 omnia·
284 1491 438 1563 quacumque
450 1504 529 1561 hahes,
544 1504 591 1548 Deo
608 1503 686 1559 debes,
700 1517 713 1550 a
726 1519 771 1565 quo
783 1519 829 1551 uno

68 1579 186 1638 accepisti.
197 1579 277 1624 Redde
289 1591 343 1636 ergo
360 1577 392 1622 illi
411 1578 500 1636 gratias
510 1584 533 1623 et
545 1576 650 1635 gloriam.
663 1578 700 1622 De
713 1584 735 1625 at
746 1579 828 1638 arripe,

68 1656 89 1694 et
101 1651 204 1709 justifico
220 1651 320 1697 citimum
337 1652 450 1709 tuontltl;
465 1652 552 1711 accipe,
566 1652 644 1706 redde,
657 1665 714 1697 cave
730 1666 735 1696 ε
750 1655 829 1714 accipe

68 1726 213 1781 heneficium,
228 1727 299 1772 redde
311 1725 456 1785 obsequium,
470 1739 527 1772 cave
538 1724 644 1772 abusum.

98 1805 124 1850 2⁰
137 1802 207 1863 Cujus
222 1802 262 1847 er?
275 1806 300 1847 ut
318 1814 363 1847 non
380 1814 405 1846 es
423 1814 436 1847 a
455 1807 478 1865 te
494 1801 557 1863 ipso;
570 1801 604 1847 ita
619 1815 662 1847 nec
674 1807 728 1849 tuns
748 1817 781 1850 es,
801 1803 830 1850 Et

68 1879 122 1925 licet
133 1879 280 1939 aliquatenus
298 1879 330 1924 sis
345 1883 467 1939 parentum
484 1884 507 1924 et
527 1874 709 1939 progenitorum,
722 1873 830 1941 a'quihns

69 1956 181 2015 originem
191 1956 293 2013 duxisti;
304 1954 359 2016 quia
371 1959 449 2017 tamen
463 1958 486 2000 et
498 1954 542 2015 ipsi
554 1954 661 2015 primitus
674 1968 687 2001 a
699 1956 747 2002 Deo
766 1961 827 2012 sunt,

70 2040 92 2077 et
103 2037 129 2077 tn
139 2046 180 2092 per
192 2033 255 2092 ipsos
269 2046 283 2078 a
294 2032 343 2076 Deo
360 2044 391 2086 es,
404 2030 541 2090 simpliciter
551 2035 575 2075 et
587 2030 691 2076 absolute
706 2031 777 2094 solius
786 2032 829 2078 Dei

70 2120 102 2152 es.
113 2106 142 2151 Et
155 2110 261 2166 quamvis
272 2106 301 2153 ab
313 2107 362 2166 ipso
381 2118 426 2151 non
439 2118 509 2161 esses,
522 2104 671 2151 nihilominus
689 2105 750 2152 illius
766 2113 829 2155 totus

70 2195 140 2237 esses,
156 2182 196 2241 qni
214 2188 249 2228 est
265 2180 419 2227 essentialiter
438 2192 559 2241 supremus
577 2180 680 2225 omnium
696 2179 827 2229 Dominus:

69 2256 119 2316 ipse
131 2256 201 2314 igitur
214 2262 249 2301 est
260 2256 373 2301 Dominus
383 2262 437 2300 tuus
447 2260 470 2300 et
481 2256 531 2302 Rex
543 2260 605 2308 tuns,
618 2259 643 2298 tu
653 2257 768 2314 possessio
780 2259 830 2317 ejus

69 2336 93 2376 et
105 2331 247 2391 mancipium
259 2332 317 2390 ejus.
330 2329 405 2375 Habet
414 2330 438 2374 in
448 2336 472 2375 te
480 2329 608 2375 dominium
619 2331 774 2394 proprietatis,
787 2346 829 2377 ne-

70 2408 205 2465 cessarium,
219 2419 342 2461 summum,
354 2406 508 2461 inalienabile,
521 2406 544 2451 vi
557 2406 622 2462 cujus
634 2405 668 2458 de,
676 2412 698 2451 te
709 2420 751 2465 pro
764 2408 830 2453 arhi-

69 2483 115 2529 trio
131 2481 252 2541 disponere
267 2485 344 2542 potest
355 2486 465 2541 tanquam
484 2480 512 2525 de
528 2492 553 2524 re
574 2485 663 2543 suante·-
682 2492 826 2538 conservare,

70 2557 197 2613 destruere,
210 2555 348 2603 annihilare.
359 2555 483 2614 Dirigitur
495 2569 500 2599 x
512 2554 571 2609 Fiat,
581 2554 687 2611 Domine,
701 2555 730 2602 de
739 2569 785 2615 me,
794 2557 835 2604 ex·

92 2677 226 2727 (urrunnu.
236 2687 260 2713 n.
347 2664 349 2667 ’
482 2671 572 2721 totnani.
583 2682 622 2710 nv.
700 2734 702 2738 y
