1715 2908
65 77 121 128 110ι
280 122 281 125 ,
344 93 415 132 oms
432 92 543 130 uncinos

64 203 109 234 non
121 189 207 249 pudeat
217 188 274 236 nihil
285 203 299 237 a
312 204 337 236 se
353 191 415 238 ultra
427 192 496 251 exigi,
511 202 582 250 seque
594 188 675 235 eodem
693 188 761 235 modo
775 194 824 234 tra-

64 266 133 322 ctari,
147 279 174 311 ac
187 265 257 311 talem
270 272 293 310 et
304 271 396 312 tontum
407 266 510 324 Regem?
534 318 535 321 Ἴ

95 339 157 385 Oiier
170 346 193 385 te
207 341 278 399 igitur
295 342 324 387 vnd
341 341 426 396 omnio,
440 346 464 386 et
476 341 514 387 dio
530 352 615 400 magno
635 339 771 398 sinceroque
789 339 826 383 ai-

64 415 127 461 iectu
139 430 144 459 :
157 415 274 474 Magister,
287 428 373 473 sequar
386 423 409 461 te
421 429 568 476 quocumque
579 415 633 460 ieris
642 429 648 471 ;
658 428 701 460 nec
714 415 824 468 verearis,

66 498 106 536 aut
117 497 179 534 retro
190 490 267 544 cedas,
282 492 301 535 si
315 492 416 536 cumeris
428 506 433 535 :
447 490 528 551 Vulpes
539 490 613 550 fovens
627 489 706 534 iubent
724 495 746 535 ei
761 489 827 534 volu.

18 599 20 603 .
66 579 113 609 cres
129 564 176 609 oceli
192 565 270 619 otton
283 565 360 610 Filios
370 572 444 611 notem
460 566 557 611 hominis
574 578 618 610 uon
630 563 695 609 tabet
709 564 748 608 ott
760 569 826 622 caput

67 637 158 684 reclinet
173 638 210 696 [ll.
228 632 289 696 Qoin
307 640 385 699 potius
404 639 448 685 hoo
461 645 485 685 te
501 640 575 697 magis
593 639 689 692 alliciat,
700 644 723 683 et
740 637 770 683 ad
789 650 828 682 se-

65 713 184 771 quendum
194 712 338 759 inflammet?

95 788 211 848 Pomorum
221 789 260 833 ΙΙΙ.
273 814 300 823 -
314 788 445 834 Conclusio,
457 787 575 847 Obligatio
586 787 704 835 Christum
715 786 825 848 sequendi

66 866 88 906 et
97 862 204 906 imitandi
213 863 350 909 Christianis
362 864 468 909 omnibus
486 864 615 908 communis
627 869 651 909 et
668 863 734 922 quasi
747 875 826 907 essen-

66 934 129 980 tialis
139 941 183 991 est,
195 943 221 980 ut
232 937 301 982 docet
316 937 456 997 Apostolus:
468 937 604 996 Quicumque
614 938 640 982 iu
653 937 743 982 Clnrirto
753 936 827 995 bapti-

66 1009 115 1056 zoti
124 1009 185 1064 estis,
204 1010 320 1065 Christum
328 1010 435 1056 instructis
446 1012 485 1071 (2).
498 1011 527 1055 Et
540 1024 623 1056 nomen
635 1010 711 1071 ipsum
722 1011 826 1066 indicat;

66 1086 128 1130 unde
142 1086 273 1132 Bernartius
295 1101 301 1132 :
318 1086 421 1132 Frusino
438 1086 584 1133 Christianus
598 1100 658 1140 som,
675 1086 696 1131 ri
713 1085 827 1131 Clu'istoot

66 1174 112 1205 non
123 1174 210 1222 sequor.
222 1161 332 1220 Specialis
348 1168 384 1208 est
402 1160 497 1208 Clericis
514 1163 537 1206 in
553 1168 639 1224 sortem
652 1161 743 1208 Domini
756 1168 780 1207 et
789 1174 830 1215 sa-¹

66 1236 196 1282 cerdotium
205 1236 289 1282 Christi
299 1237 397 1292 vocatis,
412 1242 435 1283 et
444 1237 567 1296 Religiosis
577 1237 668 1283 Christo
679 1237 827 1297 consepultis,

67 1311 106 1357 sed
121 1313 285 1371 specialissima
300 1320 323 1358 et
335 1311 483 1359 strictissima
494 1317 530 1358 est
540 1313 562 1357 in
582 1312 713 1358 hominibus
725 1314 830 1359 Societa-

67 1388 97 1432 tis
116 1389 178 1442 lesu,
193 1388 277 1449 duplici
296 1394 322 1433 ut
338 1389 459 1434 minimum
475 1388 568 1434 nomine
588 1388 618 1434 ad
637 1388 681 1433 hoc
702 1388 827 1443 obstrictis,

67 1461 192 1508 Christiani
202 1470 226 1508 et
243 1464 347 1510 lesuitae.
360 1464 389 1507 ili
401 1476 456 1522 ergo
474 1463 558 1508 debent
577 1462 744 1521 perfectissime
761 1464 830 1508 Clui-

66 1544 129 1582 stum
147 1537 222 1597 sequi„
239 1537 304 1584 illum
321 1539 383 1584 inse
404 1537 468 1597 ipsis,
484 1538 507 1582 in
529 1538 635 1582 omnibus
657 1538 738 1593 sensis,
751 1537 826 1594 dictis,

66 1611 134 1657 iactis
151 1612 289 1671 exprimere,
303 1619 330 1659 ot
343 1613 393 1658 oito
413 1613 466 1658 Jesrr
478 1611 638 1670 intortisestctur
651 1611 678 1670 (3)
701 1614 724 1657 in
739 1612 792 1666 illis,
804 1621 829 1659 et

66 1699 117 1731 curn
130 1687 241 1746 Apostolo
251 1688 329 1733 dicere
339 1686 428 1747 possint
441 1701 447 1731 ε
459 1687 589 1732 imitatores
601 1682 647 1731 mei*
656 1692 730 1741 estote,
739 1687 798 1733 sicot
807 1695 829 1734 et

51 1775 104 1821 opo
115 1762 203 1808 Glrristi
216 1764 255 1821 lii.
271 1764 368 1825 Potesne
384 1762 478 1807 iduum
497 1761 597 1807 veritate
615 1763 710 1807 dicere?
726 1760 826 1821 quoties,

66 1851 136 1897 quam
150 1837 299 1882 multifarium
310 1838 403 1882 vocavit
418 1843 440 1881 te
451 1836 572 1882 Christus?
585 1837 677 1895 quoties
693 1843 828 1884 secuturum

65 1917 88 1955 te
102 1911 294 1971 promisisti‘lsed
304 1922 375 1971 quam
387 1924 469 1971 porum
479 1910 626 1970 praestitistii
637 1911 697 1956 Ecce
708 1909 827 1960 iterum'ct

66 1986 126 2030 iorte
139 1992 256 2044 postremo
270 1994 338 2031 vocat
355 1986 383 2031 nd
400 1985 542 2045 sequendum
558 1999 607 2030 :an
622 1985 770 2039 detrectemus,
786 1991 828 2030 aut

65 2060 265 2119 procrastinabis‘i
280 2060 353 2105 Hodie
373 2060 394 2105 si
412 2073 485 2105 uocem
505 2059 599 2104 Domini
617 2058 745 2112 audieritis,
757 2059 827 2104 nolite

66 2132 179 2179 obdurare
193 2134 261 2179 cordo
281 2140 356 2179 oestro
373 2133 417 2193 (5);
430 2134 471 2180 sed
486 2134 580 2178 tandem
597 2138 700 2192 prompte
722 2141 745 2179 et
768 2132 827 2180 con*

67 2212 156 2252 stanter
168 2221 274 2268 sequere.

97 2282 251 2342 Colloquium.
265 2283 327 2330 Offer
339 2289 363 2329 te
379 2289 455 2330 totum
465 2284 493 2331 e'x
505 2285 583 2332 animo
599 2283 622 2329 in
641 2289 776 2348 perpetuam
788 2299 828 2332 se-

66 2358 160 2420 quelam
170 2372 200 2403 ex
207 2366 314 2406 votorum
322 2359 430 2407 formula.

92 2511 120 2556 (tl
128 2509 196 2547 Manu
204 2520 246 2549 mn.
485 2513 509 2560 (l)
518 2512 531 2549 Ι,
542 2501 623 2550 Corinth.
632 2524 657 2555 ιν.

89 2554 116 2601 m)
124 2556 187 2593 Galat.
195 2568 226 2595 m.
485 2559 510 2609 (5)
517 2558 585 2596 Psalm.
597 2570 643 2595 norm

87 2601 114 2651 13]
125 2601 271 2645 litimonium.
