1715 2908
184 179 310 228 succurra
331 189 499 228 HEBDOMADAE
520 187 644 226 ruffinus·
743 173 794 227 115

32 288 117 344 clesiae,
131 288 204 347 signis
214 288 286 334 etiarn
296 292 320 333 et
330 280 450 334 miraculis
460 287 603 346 confirmata,
615 293 642 333 ut
652 286 678 332 iu
690 285 746 352 aliis.
754 286 794 333 Or-

32 363 132 417 dinibus,
146 363 179 408 sic
189 364 261 408 etiarn
270 363 294 407 in
304 363 429 415 societate.

63 442 88 485 2⁰
101 438 135 482 Ex
145 438 273 483 intentione
285 438 431 493 Fundatnris,
444 437 482 483 cui
492 438 554 482 Dens
564 438 615 485 illas
628 437 759 497 inspiravit,
771 443 795 482 et

33 512 73 573 qui
85 512 136 559 illas
147 512 195 558 suis
207 512 358 569 orationibus,
369 512 472 572 jejuniis,
487 498 595 571 lacrprnis
612 517 635 557 et
651 511 795 572 poenitentiis

33 588 175 646 impetravit.
677 633 679 636 ,

64 664 90 706 30
102 662 137 707 Ex
153 661 270 720 suffragiis
281 661 407 720 insignium
422 662 525 707 virorum
542 662 581 720 qui
599 661 650 707 illas
662 666 686 707 et
698 658 796 706 mirifice

34 737 167 791 laudarunt,
183 744 205 781 et
227 735 334 795 religiose
350 741 482 783 servarunt.
495 737 529 781 De
546 736 654 782 Instituta
673 736 796 783 Societatis

34 812 94 857 dixit
105 810 208 871 pontifex
219 811 303 857 Paulus
313 811 345 856 Ill
355 826 360 856 z
369 811 463 870 Dipr'tas
475 811 518 857 Dei
531 817 562 857 est
574 812 617 857 ln'c.
629 810 687 856 Illud
700 816 797 856 sanctus

34 887 139 945 Ignatius
151 893 238 945 quanta
256 898 319 941 cura,
332 893 389 945 quot
406 885 491 945 vigiliis
509 892 532 931 et
548 885 664 931 laboribus
683 884 797 945 perfecit?

35 962 120 1022 quibus
131 961 239 1008 laudibus
248 965 272 1006 et
284 961 406 1020 praeconiis
418 961 498 1008 Sancti
507 961 590 1016 nostri,
604 968 627 1007 et
643 961 682 1007 alii
693 961 798 1007 Societa-

35 1038 66 1082 tis
78 1037 173 1088 Heroas,
185 1039 233 1091 imo
252 1042 276 1081 et
296 1038 385 1082 externi
404 1027 565 1082 exornarunt?
580 1037 618 1092 Ut,
633 1036 652 1081 si
669 1036 709 1096 qui
723 1037 798 1096 ipsura
819 1089 821 1094 ,

37 1104 185 1157 contemnere
207 1111 339 1166 videantur,
360 1109 417 1156 nibil
436 1111 481 1171 ipsi
500 1111 545 1156 nisi
567 1115 727 1171 contemptum
747 1123 800 1157 rue-

36 1193 141 1233 reantur.

67 1261 97 1306 lt.
109 1288 136 1295 -
148 1260 244 1308 Utilitas
261 1260 353 1307 illarum
375 1261 404 1307 ad
420 1261 507 1307 bonurn
520 1273 652 1309 ,commuue
671 1261 758 1307 Domus
776 1264 801 1306 et

37 1335 170 1391 Societatis,
182 1340 206 1396 et
218 1335 247 1381 ad
260 1335 380 1396 proprium
390 1336 541 1397 singulorum.
560 1339 563 1344 '

69 1413 95 1456 l⁰
107 1412 142 1458 nd
156 1412 241 1457 bonum
257 1425 388 1458 commune.
399 1413 452 1460 Sine
471 1413 565 1473 Regulis
577 1412 654 1459 nullus
665 1412 731 1469 ordo,
737 1411 803 1461 nulla

34 1488 163 1544 stabilitas,
176 1487 239 1534 nulla
249 1488 348 1547 proximi
359 1488 492 1545 aedificatio,
505 1488 581 1535 nullus
593 1488 690 1536 fructus.

70 1567 96 1611 20
106 1563 141 1608 Ex
150 1563 301 1622 regularitate
312 1564 451 1610 Nostrorum
462 1564 548 1624 pendet
559 1565 633 1611 bonus
645 1569 720 1610 status
729 1563 803 1609 Socie-

41 1640 97 1684 tatis
111 1638 190 1685 :valet
203 1638 253 1685 baec
265 1639 294 1684 ad
307 1638 446 1698 exemplum,
458 1640 488 1686 ad
503 1639 682 1686 aedificationem
694 1646 804 1685 externo-

42 1727 100 1768 rurn,
112 1710 144 1759 ad
163 1713 248 1759 bonurn
267 1713 361 1760 odorem
377 1701 462 1760 Christi
471 1716 661 1762 conservandum
678 1721 702 1760 et
717 1726 804 1775 propa·
845 1708 846 1711 '

41 1789 150 1847 gandum,
163 1789 192 1835 ad
205 1788 346 1844 alliciendos,
355 1789 527 1851 trahendosque
538 1790 678 1853 proselytos,
691 1795 737 1836 ete.
749 1789 810 1835 Irre.

42 1866 154 1924 gularitas
166 1865 234 1925 plane
246 1865 363 1911 contraria
375 1871 494 1925 operatur.

73 1943 99 1986 30
110 1941 144 1986 Ex
155 1940 314 1987 observatione
326 1940 468 1999 Regularum
477 1939 562 2000 pendet
580 1941 674 2000 propria
692 1939 804 1999 perfectio

43 2014 194 2074 singulorum,
208 2016 257 2061 sine
275 2028 329 2075 qua,
342 2014 454 2076 quidquid
468 2015 561 2060 deinum
572 2028 636 2074 agas,
650 2013 680 2061 ad
689 2015 805 2061 sanctitu-

44 2094 92 2136 tem
103 2104 222 2151 nunquam
234 2091 366 2151 pervenies,
380 2102 433 2135 cum
445 2103 492 2150 qua
504 2090 653 2137 sanctitatem
662 2094 728 2135 certo
739 2091 806 2136 attin-

44 2178 92 2223 ges,
105 2165 193 2225 absque
205 2165 312 2212 illusione
323 2170 346 2211 et
357 2164 468 2224 periculo.
482 2165 549 2222 Quod
555 2171 684 2224 utrumque
696 2165 725 2210 de
734 2160 807 2225 inini-

45 2240 89 2285 nris
101 2240 173 2284 etiarn
182 2240 277 2300 Regalis
289 2253 371 2288 verum
385 2244 427 2295 est,
442 2246 468 2284 ut
482 2248 561 2300 patere
573 2244 650 2299 potest
666 2239 804 2296 attendenti,

74 2315 113 2360 111.
127 2340 156 2348 -
167 2314 283 2373 Obligatio
296 2328 376 2362 earum
387 2315 411 2360 in
426 2314 522 2361 dubium
535 2313 640 2363 revocari
657 2327 705 2360 non
717 2323 806 2375 potest,

46 2402 108 2446 narn,

77 2467 102 2510 l⁰
113 2465 225 2523 Quamvis
235 2465 298 2513 nulla
308 2466 405 2526 Regula,
416 2467 514 2526 praecise
526 2466 651 2527 loquendo,
663 2480 704 2526 per
714 2480 739 2512 se
754 2465 809 2512 obli·

3 2556 5 2561 *
48 2547 85 2598 get
98 2542 141 2587 sub
157 2543 329 2603 peccatoquia
339 2542 384 2588 hoc
403 2541 521 2589 Fundator
536 2542 623 2601 noluit;
636 2556 690 2589 curn
706 2541 751 2589 hoe
770 2549 809 2588 ta-

48 2627 100 2666 rnen
117 2623 181 2663 stare
198 2618 299 2673 videtur,
311 2618 399 2664 nullam
417 2630 495 2677 posse·
507 2618 634 2664 deliberate
657 2617 739 2664 violari
759 2617 809 2664 sine

49 2697 144 2746 peccato
161 2691 245 2740 saltem
261 2692 357 2751 veniali,
370 2682 394 2740 et
411 2705 479 2753 posse
497 2692 622 2754 aliquando
639 2705 694 2739 euin
713 2696 809 2752 peccato
