<?xml version="1.0" encoding="UTF-8"?>
<!DOCTYPE html PUBLIC "-//W3C//DTD XHTML 1.0 Transitional//EN"
    "http://www.w3.org/TR/xhtml1/DTD/xhtml1-transitional.dtd">
<html xmlns="http://www.w3.org/1999/xhtml" xml:lang="en" lang="en">
 <head>
  <title>
</title>
<meta http-equiv="Content-Type" content="text/html;charset=utf-8" />
  <meta name='ocr-system' content='tesseract 3.04.00' />
  <meta name='ocr-capabilities' content='ocr_page ocr_carea ocr_par ocr_line ocrx_word'/>
</head>
<body>
  <div class='ocr_page' id='page_1' title='image "MN5052ucmf_3_0027.png"; bbox 0 0 1715 2812; ppageno 0'>
   <div class='ocr_carea' id='block_1_1' title="bbox 60 119 640 168">
    <p class='ocr_par' dir='ltr' id='par_1_1' title="bbox 60 119 640 168">
     <span class='ocr_line' id='line_1_1' title="bbox 60 119 640 168; baseline 0.002 -1"><span class='ocrx_word' id='word_1_1' title='bbox 60 119 93 167; x_wconf 86' lang='grc'>14</span> <span class='ocrx_word' id='word_1_2' title='bbox 239 132 436 168; x_wconf 77' lang='lat' dir='ltr'>uxuacrrrouum</span> <span class='ocrx_word' id='word_1_3' title='bbox 454 133 640 168; x_wconf 71' lang='lat' dir='ltr'>samaritanum</span> 
     </span>
    </p>
   </div>
   <div class='ocr_carea' id='block_1_2' title="bbox 54 227 848 2700">
    <p class='ocr_par' dir='ltr' id='par_1_2' title="bbox 60 227 821 367">
     <span class='ocr_line' id='line_1_2' title="bbox 60 227 821 290; baseline 0.005 -18"><span class='ocrx_word' id='word_1_4' title='bbox 60 228 133 273; x_wconf 86' lang='lat' dir='ltr'>forma</span> <span class='ocrx_word' id='word_1_5' title='bbox 146 227 303 287; x_wconf 68' lang='lat' dir='ltr'>praescribitur</span> <span class='ocrx_word' id='word_1_6' title='bbox 316 228 340 273; x_wconf 91' lang='lat' dir='ltr'>in</span> <span class='ocrx_word' id='word_1_7' title='bbox 356 229 430 288; x_wconf 92' lang='lat' dir='ltr'>primo</span> <span class='ocrx_word' id='word_1_8' title='bbox 445 229 570 285; x_wconf 84' lang='lat' dir='ltr'>Exercitio‚</span> <span class='ocrx_word' id='word_1_9' title='bbox 585 229 647 290; x_wconf 85' lang='lat' dir='ltr'>quod</span> <span class='ocrx_word' id='word_1_10' title='bbox 664 233 699 275; x_wconf 86' lang='lat' dir='ltr'>cst</span> <span class='ocrx_word' id='word_1_11' title='bbox 710 230 739 275; x_wconf 89' lang='lat' dir='ltr'>de</span> <span class='ocrx_word' id='word_1_12' title='bbox 751 229 821 276; x_wconf 87' lang='lat' dir='ltr'>Coena</span> 
     </span>
     <span class='ocr_line' id='line_1_3' title="bbox 61 293 736 367; baseline 0.004 -22"><span class='ocrx_word' id='word_1_13' title='bbox 61 303 150 360; x_wconf 84' lang='lat' dir='ltr'>ultima,</span> <span class='ocrx_word' id='word_1_14' title='bbox 165 304 204 348; x_wconf 89' lang='lat' dir='ltr'>uhi</span> <span class='ocrx_word' id='word_1_15' title='bbox 218 310 334 362; x_wconf 80' lang='lat' dir='ltr'>praecepta</span> <span class='ocrx_word' id='word_1_16' title='bbox 347 305 451 349; x_wconf 75' lang='lat' dir='ltr'>materiae</span> <span class='ocrx_word' id='word_1_17' title='bbox 464 293 573 367; x_wconf 72' lang='lat' dir='ltr'>praesenti</span> <span class='ocrx_word' id='word_1_18' title='bbox 583 304 736 364; x_wconf 68' lang='lat' dir='ltr'>applicantur.</span> 
     </span>
    </p>

    <p class='ocr_par' dir='ltr' id='par_1_3' title="bbox 60 367 848 512">
     <span class='ocr_line' id='line_1_4' title="bbox 89 367 848 440; baseline 0.001 -19"><span class='ocrx_word' id='word_1_19' title='bbox 89 378 226 424; x_wconf 79' lang='lat' dir='ltr'>Additiones</span> <span class='ocrx_word' id='word_1_20' title='bbox 241 377 353 437; x_wconf 72' lang='lat' dir='ltr'>speciales</span> <span class='ocrx_word' id='word_1_21' title='bbox 366 367 479 423; x_wconf 81' lang='lat' dir='ltr'>hahentur</span> <span class='ocrx_word' id='word_1_22' title='bbox 495 378 519 423; x_wconf 91' lang='lat' dir='ltr'>iu</span> <span class='ocrx_word' id='word_1_23' title='bbox 532 386 631 438; x_wconf 90' lang='lat' dir='ltr'>quatuor</span> <span class='ocrx_word' id='word_1_24' title='bbox 649 378 758 424; x_wconf 87' lang='lat' dir='ltr'>notandis</span> <span class='ocrx_word' id='word_1_25' title='bbox 770 383 821 437; x_wconf 87' lang='lat' dir='ltr'>post</span> <span class='ocrx_word' id='word_1_26' title='bbox 847 437 848 440; x_wconf 8' lang='grc' dir='ltr'><strong>Ἴ</strong></span> 
     </span>
     <span class='ocr_line' id='line_1_5' title="bbox 60 453 425 512; baseline 0 -15"><span class='ocrx_word' id='word_1_27' title='bbox 60 453 277 512; x_wconf 89' lang='lat' dir='ltr'>contemplationem</span> <span class='ocrx_word' id='word_1_28' title='bbox 291 454 425 498; x_wconf 89' lang='lat' dir='ltr'>secundam.</span> 
     </span>
    </p>

    <p class='ocr_par' dir='ltr' id='par_1_4' title="bbox 61 522 822 798">
     <span class='ocr_line' id='line_1_6' title="bbox 89 522 822 588; baseline 0.001 -15"><span class='ocrx_word' id='word_1_29' title='bbox 89 522 176 574; x_wconf 88' lang='lat' dir='ltr'>Praeter</span> <span class='ocrx_word' id='word_1_30' title='bbox 186 527 278 587; x_wconf 80' lang='lat' dir='ltr'>regulas</span> <span class='ocrx_word' id='word_1_31' title='bbox 289 542 342 588; x_wconf 80' lang='lat' dir='ltr'>quae</span> <span class='ocrx_word' id='word_1_32' title='bbox 355 530 377 573; x_wconf 92' lang='lat' dir='ltr'>in</span> <span class='ocrx_word' id='word_1_33' title='bbox 388 543 415 574; x_wconf 90' lang='lat' dir='ltr'>ea</span> <span class='ocrx_word' id='word_1_34' title='bbox 429 529 552 574; x_wconf 86' lang='lat' dir='ltr'>traduntur</span> <span class='ocrx_word' id='word_1_35' title='bbox 565 529 594 574; x_wconf 84' lang='lat' dir='ltr'>ad</span> <span class='ocrx_word' id='word_1_36' title='bbox 605 530 677 574; x_wconf 82' lang='lat' dir='ltr'>uitam</span> <span class='ocrx_word' id='word_1_37' title='bbox 687 534 750 574; x_wconf 86' lang='lat' dir='ltr'>recle</span> <span class='ocrx_word' id='word_1_38' title='bbox 761 533 770 572; x_wconf 87' lang='lat' dir='ltr'>t</span> <span class='ocrx_word' id='word_1_39' title='bbox 785 542 822 574; x_wconf 88' lang='lat' dir='ltr'>rn-</span> 
     </span>
     <span class='ocr_line' id='line_1_7' title="bbox 61 604 822 663; baseline 0.001 -16"><span class='ocrx_word' id='word_1_40' title='bbox 61 604 194 661; x_wconf 67' lang='lat' dir='ltr'>perandam,</span> <span class='ocrx_word' id='word_1_41' title='bbox 207 605 324 661; x_wconf 82' lang='lat' dir='ltr'>expositas</span> <span class='ocrx_word' id='word_1_42' title='bbox 344 605 368 648; x_wconf 87' lang='lat' dir='ltr'>in</span> <span class='ocrx_word' id='word_1_43' title='bbox 383 604 517 663; x_wconf 82' lang='lat' dir='ltr'>appendice,</span> <span class='ocrx_word' id='word_1_44' title='bbox 539 604 585 649; x_wconf 86' lang='lat' dir='ltr'>huc</span> <span class='ocrx_word' id='word_1_45' title='bbox 601 604 704 649; x_wconf 86' lang='lat' dir='ltr'>revocari</span> <span class='ocrx_word' id='word_1_46' title='bbox 726 610 822 663; x_wconf 83' lang='lat' dir='ltr'>possunt</span> 
     </span>
     <span class='ocr_line' id='line_1_8' title="bbox 61 677 822 737; baseline 0.003 -17"><span class='ocrx_word' id='word_1_47' title='bbox 61 677 160 722; x_wconf 90' lang='lat' dir='ltr'>notanda</span> <span class='ocrx_word' id='word_1_48' title='bbox 171 677 199 721; x_wconf 89' lang='lat' dir='ltr'>de</span> <span class='ocrx_word' id='word_1_49' title='bbox 210 678 336 737; x_wconf 78' lang='lat' dir='ltr'>scrupulis3</span> <span class='ocrx_word' id='word_1_50' title='bbox 347 677 482 722; x_wconf 85' lang='lat' dir='ltr'>similiterct</span> <span class='ocrx_word' id='word_1_51' title='bbox 491 679 605 722; x_wconf 88' lang='lat' dir='ltr'>secundus</span> <span class='ocrx_word' id='word_1_52' title='bbox 617 678 730 723; x_wconf 78' lang='lat' dir='ltr'>extribus</span> <span class='ocrx_word' id='word_1_53' title='bbox 741 678 822 723; x_wconf 89' lang='lat' dir='ltr'>orandi</span> 
     </span>
     <span class='ocr_line' id='line_1_9' title="bbox 62 751 292 798; baseline -0.004 -2"><span class='ocrx_word' id='word_1_54' title='bbox 62 751 135 796; x_wconf 91' lang='lat' dir='ltr'>modis</span> <span class='ocrx_word' id='word_1_55' title='bbox 145 751 178 797; x_wconf 90' lang='lat' dir='ltr'>ihi</span> <span class='ocrx_word' id='word_1_56' title='bbox 191 752 292 798; x_wconf 84' lang='lat' dir='ltr'>traditis.</span> 
     </span>
    </p>

    <p class='ocr_par' dir='ltr' id='par_1_5' title="bbox 61 826 826 1038">
     <span class='ocr_line' id='line_1_10' title="bbox 90 826 821 887; baseline -0.003 -15"><span class='ocrx_word' id='word_1_57' title='bbox 90 827 176 872; x_wconf 79' lang='lat' dir='ltr'>Praxcs</span> <span class='ocrx_word' id='word_1_58' title='bbox 191 827 246 872; x_wconf 92' lang='lat' dir='ltr'>huic</span> <span class='ocrx_word' id='word_1_59' title='bbox 258 827 409 873; x_wconf 80' lang='lat' dir='ltr'>hebdomadae</span> <span class='ocrx_word' id='word_1_60' title='bbox 422 827 535 887; x_wconf 81' lang='lat' dir='ltr'>proprias,</span> <span class='ocrx_word' id='word_1_61' title='bbox 549 833 634 886; x_wconf 90' lang='lat' dir='ltr'>praeter</span> <span class='ocrx_word' id='word_1_62' title='bbox 651 826 821 881; x_wconf 71' lang='lat' dir='ltr'>meditationes,</span> 
     </span>
     <span class='ocr_line' id='line_1_11' title="bbox 61 891 826 962; baseline -0.001 -16"><span class='ocrx_word' id='word_1_63' title='bbox 61 902 135 947; x_wconf 90' lang='lat' dir='ltr'>nullas</span> <span class='ocrx_word' id='word_1_64' title='bbox 154 903 255 948; x_wconf 84' lang='lat' dir='ltr'>invenio.</span> <span class='ocrx_word' id='word_1_65' title='bbox 269 903 430 948; x_wconf 86' lang='lat' dir='ltr'>hleditationes</span> <span class='ocrx_word' id='word_1_66' title='bbox 444 908 520 947; x_wconf 87' lang='lat' dir='ltr'>autem</span> <span class='ocrx_word' id='word_1_67' title='bbox 540 916 582 962; x_wconf 93' lang='lat' dir='ltr'>pro</span> <span class='ocrx_word' id='word_1_68' title='bbox 595 908 684 962; x_wconf 82' lang='lat' dir='ltr'>septem</span> <span class='ocrx_word' id='word_1_69' title='bbox 702 902 783 947; x_wconf 87' lang='lat' dir='ltr'>diehus</span> <span class='ocrx_word' id='word_1_70' title='bbox 799 891 826 945; x_wconf 57' lang='lat' dir='ltr'>in&#39;</span> 
     </span>
     <span class='ocr_line' id='line_1_12' title="bbox 61 978 317 1038; baseline -0.004 -15"><span class='ocrx_word' id='word_1_71' title='bbox 61 978 147 1023; x_wconf 75' lang='lat' dir='ltr'>Libello</span> <span class='ocrx_word' id='word_1_72' title='bbox 160 979 317 1038; x_wconf 78' lang='lat' dir='ltr'>assignantur.</span> 
     </span>
    </p>

    <p class='ocr_par' dir='ltr' id='par_1_6' title="bbox 62 1053 824 1266">
     <span class='ocr_line' id='line_1_13' title="bbox 91 1053 824 1113; baseline -0.003 -15"><span class='ocrx_word' id='word_1_73' title='bbox 91 1054 178 1112; x_wconf 80' lang='lat' dir='ltr'>Quarta</span> <span class='ocrx_word' id='word_1_74' title='bbox 190 1053 335 1100; x_wconf 81' lang='lat' dir='ltr'>hebdomada</span> <span class='ocrx_word' id='word_1_75' title='bbox 348 1053 470 1113; x_wconf 84' lang='lat' dir='ltr'>respondet</span> <span class='ocrx_word' id='word_1_76' title='bbox 482 1054 574 1113; x_wconf 90' lang='lat' dir='ltr'>proprie</span> <span class='ocrx_word' id='word_1_77' title='bbox 587 1054 632 1100; x_wconf 81' lang='lat' dir='ltr'>viae</span> <span class='ocrx_word' id='word_1_78' title='bbox 644 1054 745 1107; x_wconf 80' lang='lat' dir='ltr'>unitivas,</span> <span class='ocrx_word' id='word_1_79' title='bbox 759 1053 824 1111; x_wconf 80' lang='lat' dir='ltr'>ejus-</span> 
     </span>
     <span class='ocr_line' id='line_1_14' title="bbox 62 1127 823 1189; baseline 0.001 -16"><span class='ocrx_word' id='word_1_80' title='bbox 62 1143 106 1188; x_wconf 84' lang='lat' dir='ltr'>que</span> <span class='ocrx_word' id='word_1_81' title='bbox 115 1130 231 1176; x_wconf 74' lang='lat' dir='ltr'>Exercitia</span> <span class='ocrx_word' id='word_1_82' title='bbox 242 1129 352 1185; x_wconf 79' lang='lat' dir='ltr'>continet,</span> <span class='ocrx_word' id='word_1_83' title='bbox 365 1130 486 1189; x_wconf 80' lang='lat' dir='ltr'>tenditque</span> <span class='ocrx_word' id='word_1_84' title='bbox 498 1131 526 1175; x_wconf 92' lang='lat' dir='ltr'>ad</span> <span class='ocrx_word' id='word_1_85' title='bbox 534 1129 650 1177; x_wconf 83' lang='lat' dir='ltr'>Christum</span> <span class='ocrx_word' id='word_1_86' title='bbox 659 1127 730 1178; x_wconf 88' lang='lat' dir='ltr'>etiam</span> <span class='ocrx_word' id='word_1_87' title='bbox 739 1129 762 1173; x_wconf 92' lang='lat' dir='ltr'>in</span> <span class='ocrx_word' id='word_1_88' title='bbox 775 1128 823 1174; x_wconf 87' lang='lat' dir='ltr'>viia</span> 
     </span>
     <span class='ocr_line' id='line_1_15' title="bbox 62 1205 509 1266; baseline 0.002 -18"><span class='ocrx_word' id='word_1_89' title='bbox 62 1205 161 1264; x_wconf 76' lang='lat' dir='ltr'>gloriosa</span> <span class='ocrx_word' id='word_1_90' title='bbox 173 1206 311 1251; x_wconf 85' lang='lat' dir='ltr'>imitandum</span> <span class='ocrx_word' id='word_1_91' title='bbox 324 1211 347 1250; x_wconf 86' lang='lat' dir='ltr'>et</span> <span class='ocrx_word' id='word_1_92' title='bbox 358 1205 509 1266; x_wconf 83' lang='lat' dir='ltr'>sequendum.</span> 
     </span>
    </p>

    <p class='ocr_par' dir='ltr' id='par_1_7' title="bbox 62 1280 824 1419">
     <span class='ocr_line' id='line_1_16' title="bbox 91 1280 824 1337; baseline -0.004 -9"><span class='ocrx_word' id='word_1_93' title='bbox 91 1282 268 1328; x_wconf 81' lang='lat' dir='ltr'>hleditatiouum</span> <span class='ocrx_word' id='word_1_94' title='bbox 287 1283 385 1337; x_wconf 84' lang='lat' dir='ltr'>materia</span> <span class='ocrx_word' id='word_1_95' title='bbox 399 1288 434 1326; x_wconf 85' lang='lat' dir='ltr'>est</span> <span class='ocrx_word' id='word_1_96' title='bbox 452 1282 481 1326; x_wconf 88' lang='lat' dir='ltr'>de</span> <span class='ocrx_word' id='word_1_97' title='bbox 497 1281 582 1327; x_wconf 84' lang='lat' dir='ltr'>Christi</span> <span class='ocrx_word' id='word_1_98' title='bbox 595 1281 771 1336; x_wconf 82' lang='lat' dir='ltr'>resurrectione,</span> <span class='ocrx_word' id='word_1_99' title='bbox 785 1280 824 1326; x_wconf 91' lang='lat' dir='ltr'>uhi</span> 
     </span>
     <span class='ocr_line' id='line_1_17' title="bbox 62 1349 463 1419; baseline -0.002 -17"><span class='ocrx_word' id='word_1_100' title='bbox 62 1364 180 1419; x_wconf 87' lang='lat' dir='ltr'>praecepta</span> <span class='ocrx_word' id='word_1_101' title='bbox 194 1359 297 1404; x_wconf 79' lang='lat' dir='ltr'>crateuas</span> <span class='ocrx_word' id='word_1_102' title='bbox 310 1349 463 1418; x_wconf 80' lang='lat' dir='ltr'>applicantur.</span> 
     </span>
    </p>

    <p class='ocr_par' dir='ltr' id='par_1_8' title="bbox 63 1432 823 1568">
     <span class='ocr_line' id='line_1_18' title="bbox 91 1432 823 1493; baseline -0.007 -12"><span class='ocrx_word' id='word_1_103' title='bbox 91 1435 228 1481; x_wconf 84' lang='lat' dir='ltr'>Additioncs</span> <span class='ocrx_word' id='word_1_104' title='bbox 241 1435 340 1493; x_wconf 89' lang='lat' dir='ltr'>propriae</span> <span class='ocrx_word' id='word_1_105' title='bbox 351 1438 404 1479; x_wconf 86' lang='lat' dir='ltr'>sunt</span> <span class='ocrx_word' id='word_1_106' title='bbox 413 1434 436 1477; x_wconf 94' lang='lat' dir='ltr'>in</span> <span class='ocrx_word' id='word_1_107' title='bbox 444 1433 544 1478; x_wconf 85' lang='lat' dir='ltr'>notando</span> <span class='ocrx_word' id='word_1_108' title='bbox 552 1433 626 1477; x_wconf 88' lang='lat' dir='ltr'>eidem</span> <span class='ocrx_word' id='word_1_109' title='bbox 635 1432 823 1491; x_wconf 84' lang='lat' dir='ltr'>contemplationi</span> 
     </span>
     <span class='ocr_line' id='line_1_19' title="bbox 63 1510 175 1568; baseline -0.018 -12"><span class='ocrx_word' id='word_1_110' title='bbox 63 1510 175 1568; x_wconf 78' lang='lat' dir='ltr'>subjecto.</span> 
     </span>
    </p>

    <p class='ocr_par' dir='ltr' id='par_1_9' title="bbox 63 1582 825 1780">
     <span class='ocr_line' id='line_1_20' title="bbox 91 1582 825 1645; baseline -0.003 -16"><span class='ocrx_word' id='word_1_111' title='bbox 91 1586 126 1629; x_wconf 80' lang='lat' dir='ltr'>Ex</span> <span class='ocrx_word' id='word_1_112' title='bbox 140 1584 234 1642; x_wconf 83' lang='lat' dir='ltr'>Regnlls</span> <span class='ocrx_word' id='word_1_113' title='bbox 247 1585 268 1627; x_wconf 93' lang='lat' dir='ltr'>iu</span> <span class='ocrx_word' id='word_1_114' title='bbox 281 1584 407 1643; x_wconf 89' lang='lat' dir='ltr'>appendice</span> <span class='ocrx_word' id='word_1_115' title='bbox 419 1583 501 1643; x_wconf 89' lang='lat' dir='ltr'>positis</span> <span class='ocrx_word' id='word_1_116' title='bbox 516 1587 641 1642; x_wconf 88' lang='lat' dir='ltr'>supersunt</span> <span class='ocrx_word' id='word_1_117' title='bbox 654 1582 755 1627; x_wconf 83' lang='lat' dir='ltr'>adhaec</span> <span class='ocrx_word' id='word_1_118' title='bbox 768 1583 825 1645; x_wconf 87' lang='lat' dir='ltr'>heh-</span> 
     </span>
     <span class='ocr_line' id='line_1_21' title="bbox 63 1657 825 1718; baseline -0.003 -13"><span class='ocrx_word' id='word_1_119' title='bbox 63 1660 195 1714; x_wconf 81' lang='lat' dir='ltr'>domadam,</span> <span class='ocrx_word' id='word_1_120' title='bbox 214 1672 266 1718; x_wconf 71' lang='lat' dir='ltr'>quae</span> <span class='ocrx_word' id='word_1_121' title='bbox 284 1659 407 1703; x_wconf 85' lang='lat' dir='ltr'>traduntur</span> <span class='ocrx_word' id='word_1_122' title='bbox 425 1657 554 1711; x_wconf 65' lang='lat' dir='ltr'>servandae,</span> <span class='ocrx_word' id='word_1_123' title='bbox 572 1665 598 1702; x_wconf 92' lang='lat' dir='ltr'>ut</span> <span class='ocrx_word' id='word_1_124' title='bbox 621 1669 673 1701; x_wconf 89' lang='lat' dir='ltr'>curn</span> <span class='ocrx_word' id='word_1_125' title='bbox 697 1657 825 1703; x_wconf 77' lang='lat' dir='ltr'>orthodoxa</span> 
     </span>
     <span class='ocr_line' id='line_1_22' title="bbox 63 1735 313 1780; baseline -0.012 0"><span class='ocrx_word' id='word_1_126' title='bbox 63 1735 167 1780; x_wconf 84' lang='lat' dir='ltr'>Ecclesia</span> <span class='ocrx_word' id='word_1_127' title='bbox 178 1735 313 1779; x_wconf 86' lang='lat' dir='ltr'>sentiamus.</span> 
     </span>
    </p>

    <p class='ocr_par' dir='ltr' id='par_1_10' title="bbox 92 1806 789 1867">
     <span class='ocr_line' id='line_1_23' title="bbox 92 1806 789 1867; baseline -0.009 -12"><span class='ocrx_word' id='word_1_128' title='bbox 92 1811 128 1856; x_wconf 77' lang='lat' dir='ltr'>hd</span> <span class='ocrx_word' id='word_1_129' title='bbox 141 1809 246 1855; x_wconf 87' lang='lat' dir='ltr'>camdem</span> <span class='ocrx_word' id='word_1_130' title='bbox 257 1821 357 1867; x_wconf 82' lang='lat' dir='ltr'>congrue·</span> <span class='ocrx_word' id='word_1_131' title='bbox 370 1807 501 1866; x_wconf 80' lang='lat' dir='ltr'>assignatur</span> <span class='ocrx_word' id='word_1_132' title='bbox 512 1806 596 1852; x_wconf 86' lang='lat' dir='ltr'>tertius</span> <span class='ocrx_word' id='word_1_133' title='bbox 608 1807 688 1852; x_wconf 89' lang='lat' dir='ltr'>orandi</span> <span class='ocrx_word' id='word_1_134' title='bbox 700 1807 789 1852; x_wconf 89' lang='lat' dir='ltr'>modus.</span> 
     </span>
    </p>

    <p class='ocr_par' dir='ltr' id='par_1_11' title="bbox 54 1882 826 2242">
     <span class='ocr_line' id='line_1_24' title="bbox 92 1882 822 1942; baseline -0.007 -12"><span class='ocrx_word' id='word_1_135' title='bbox 92 1887 117 1930; x_wconf 89' lang='lat' dir='ltr'>Iu</span> <span class='ocrx_word' id='word_1_136' title='bbox 131 1885 193 1930; x_wconf 87' lang='lat' dir='ltr'>dicto</span> <span class='ocrx_word' id='word_1_137' title='bbox 207 1884 308 1929; x_wconf 89' lang='lat' dir='ltr'>notando</span> <span class='ocrx_word' id='word_1_138' title='bbox 322 1888 373 1942; x_wconf 90' lang='lat' dir='ltr'>post</span> <span class='ocrx_word' id='word_1_139' title='bbox 384 1882 483 1941; x_wconf 86' lang='lat' dir='ltr'>primam</span> <span class='ocrx_word' id='word_1_140' title='bbox 497 1882 716 1940; x_wconf 88' lang='lat' dir='ltr'>contemplationem</span> <span class='ocrx_word' id='word_1_141' title='bbox 731 1882 822 1937; x_wconf 79' lang='lat' dir='ltr'>dicitur,</span> 
     </span>
     <span class='ocr_line' id='line_1_25' title="bbox 54 1955 826 2021; baseline -0.004 -17"><span class='ocrx_word' id='word_1_142' title='bbox 54 1962 125 2021; x_wconf 76' lang='lat' dir='ltr'>vquod</span> <span class='ocrx_word' id='word_1_143' title='bbox 140 1960 162 2004; x_wconf 89' lang='lat' dir='ltr'>in</span> <span class='ocrx_word' id='word_1_144' title='bbox 179 1959 330 2018; x_wconf 81' lang='lat' dir='ltr'>sequentihus</span> <span class='ocrx_word' id='word_1_145' title='bbox 351 1957 583 2017; x_wconf 84' lang='lat' dir='ltr'>contemplationibus</span> <span class='ocrx_word' id='word_1_146' title='bbox 601 1955 742 2002; x_wconf 84' lang='lat' dir='ltr'>recensenda</span> <span class='ocrx_word' id='word_1_147' title='bbox 758 1962 826 2001; x_wconf 86' lang='lat' dir='ltr'>crunt</span> 
     </span>
     <span class='ocr_line' id='line_1_26' title="bbox 63 2032 824 2094; baseline -0.003 -15"><span class='ocrx_word' id='word_1_148' title='bbox 63 2049 104 2094; x_wconf 89' lang='lat' dir='ltr'>per</span> <span class='ocrx_word' id='word_1_149' title='bbox 117 2035 221 2079; x_wconf 86' lang='lat' dir='ltr'>ordinem</span> <span class='ocrx_word' id='word_1_150' title='bbox 240 2033 351 2093; x_wconf 82' lang='lat' dir='ltr'>mysteria</span> <span class='ocrx_word' id='word_1_151' title='bbox 364 2034 449 2087; x_wconf 85' lang='lat' dir='ltr'>omnia,</span> <span class='ocrx_word' id='word_1_152' title='bbox 463 2032 657 2086; x_wconf 83' lang='lat' dir='ltr'>Resurrectionis,</span> <span class='ocrx_word' id='word_1_153' title='bbox 669 2032 824 2087; x_wconf 71' lang='lat' dir='ltr'>ascensionis,</span> 
     </span>
     <span class='ocr_line' id='line_1_27' title="bbox 63 2106 825 2167; baseline -0.004 -13"><span class='ocrx_word' id='word_1_154' title='bbox 63 2117 86 2155; x_wconf 90' lang='lat' dir='ltr'>et</span> <span class='ocrx_word' id='word_1_155' title='bbox 105 2109 249 2163; x_wconf 75' lang='lat' dir='ltr'>intermedia,</span> <span class='ocrx_word' id='word_1_156' title='bbox 268 2108 366 2153; x_wconf 76' lang='lat' dir='ltr'>seruatis</span> <span class='ocrx_word' id='word_1_157' title='bbox 384 2108 469 2167; x_wconf 84' lang='lat' dir='ltr'>ubique</span> <span class='ocrx_word' id='word_1_158' title='bbox 485 2108 566 2152; x_wconf 88' lang='lat' dir='ltr'>iisdem</span> <span class='ocrx_word' id='word_1_159' title='bbox 588 2106 700 2160; x_wconf 85' lang='lat' dir='ltr'>formulis,</span> <span class='ocrx_word' id='word_1_160' title='bbox 713 2114 735 2151; x_wconf 89' lang='lat' dir='ltr'>et</span> <span class='ocrx_word' id='word_1_161' title='bbox 750 2108 825 2153; x_wconf 90' lang='lat' dir='ltr'>modis</span> 
     </span>
     <span class='ocr_line' id='line_1_28' title="bbox 64 2168 724 2242; baseline -0.006 -14"><span class='ocrx_word' id='word_1_162' title='bbox 64 2185 134 2228; x_wconf 86' lang='lat' dir='ltr'>etiam</span> <span class='ocrx_word' id='word_1_163' title='bbox 145 2185 207 2228; x_wconf 86' lang='lat' dir='ltr'>circa</span> <span class='ocrx_word' id='word_1_164' title='bbox 220 2183 377 2242; x_wconf 73' lang='lat' dir='ltr'>repetitiones,</span> <span class='ocrx_word' id='word_1_165' title='bbox 391 2187 414 2225; x_wconf 86' lang='lat' dir='ltr'>et</span> <span class='ocrx_word' id='word_1_166' title='bbox 427 2168 536 2226; x_wconf 83' lang='lat' dir='ltr'>sensuum</span> <span class='ocrx_word' id='word_1_167' title='bbox 550 2180 724 2239; x_wconf 85' lang='lat' dir='ltr'>applicationes.</span> 
     </span>
    </p>

    <p class='ocr_par' dir='ltr' id='par_1_12' title="bbox 64 2250 828 2700">
     <span class='ocr_line' id='line_1_29' title="bbox 94 2250 827 2317; baseline -0.003 -13"><span class='ocrx_word' id='word_1_168' title='bbox 94 2261 181 2304; x_wconf 87' lang='lat' dir='ltr'>Praeter</span> <span class='ocrx_word' id='word_1_169' title='bbox 192 2258 234 2303; x_wconf 87' lang='lat' dir='ltr'>has</span> <span class='ocrx_word' id='word_1_170' title='bbox 245 2258 273 2302; x_wconf 89' lang='lat' dir='ltr'>de</span> <span class='ocrx_word' id='word_1_171' title='bbox 289 2257 405 2317; x_wconf 76' lang='lat' dir='ltr'>mysteriis</span> <span class='ocrx_word' id='word_1_172' title='bbox 419 2257 504 2302; x_wconf 87' lang='lat' dir='ltr'>Christi</span> <span class='ocrx_word' id='word_1_173' title='bbox 515 2257 684 2311; x_wconf 79' lang='lat' dir='ltr'>llleditaliones,</span> <span class='ocrx_word' id='word_1_174' title='bbox 695 2250 793 2302; x_wconf 84' lang='lat' dir='ltr'>hahetur</span> <span class='ocrx_word' id='word_1_175' title='bbox 803 2258 827 2302; x_wconf 90' lang='lat' dir='ltr'>in</span> 
     </span>
     <span class='ocr_line' id='line_1_30' title="bbox 64 2332 827 2392; baseline -0.003 -11"><span class='ocrx_word' id='word_1_176' title='bbox 64 2337 109 2382; x_wconf 86' lang='lat' dir='ltr'>tine</span> <span class='ocrx_word' id='word_1_177' title='bbox 120 2334 247 2388; x_wconf 72' lang='lat' dir='ltr'>hleditatin</span> <span class='ocrx_word' id='word_1_178' title='bbox 260 2346 300 2378; x_wconf 91' lang='lat' dir='ltr'>seu</span> <span class='ocrx_word' id='word_1_179' title='bbox 317 2332 481 2391; x_wconf 84' lang='lat' dir='ltr'>corrtemplatio</span> <span class='ocrx_word' id='word_1_180' title='bbox 499 2333 528 2378; x_wconf 88' lang='lat' dir='ltr'>ad</span> <span class='ocrx_word' id='word_1_181' title='bbox 542 2345 644 2378; x_wconf 88' lang='lat' dir='ltr'>amorem</span> <span class='ocrx_word' id='word_1_182' title='bbox 660 2333 701 2377; x_wconf 87' lang='lat' dir='ltr'>Dei</span> <span class='ocrx_word' id='word_1_183' title='bbox 714 2333 827 2392; x_wconf 85' lang='lat' dir='ltr'>spiritua-</span> 
     </span>
     <span class='ocr_line' id='line_1_31' title="bbox 65 2408 826 2468; baseline -0.005 -11"><span class='ocrx_word' id='word_1_184' title='bbox 65 2412 110 2457; x_wconf 85' lang='lat' dir='ltr'>lem</span> <span class='ocrx_word' id='word_1_185' title='bbox 123 2410 279 2463; x_wconf 77' lang='lat' dir='ltr'>excitandum,</span> <span class='ocrx_word' id='word_1_186' title='bbox 296 2422 349 2468; x_wconf 66' lang='lat' dir='ltr'>[puae</span> <span class='ocrx_word' id='word_1_187' title='bbox 361 2413 396 2452; x_wconf 80' lang='lat' dir='ltr'>cst</span> <span class='ocrx_word' id='word_1_188' title='bbox 409 2408 480 2454; x_wconf 85' lang='lat' dir='ltr'>veluti</span> <span class='ocrx_word' id='word_1_189' title='bbox 493 2408 654 2468; x_wconf 87' lang='lat' dir='ltr'>compendium</span> <span class='ocrx_word' id='word_1_190' title='bbox 674 2415 696 2453; x_wconf 88' lang='lat' dir='ltr'>et</span> <span class='ocrx_word' id='word_1_191' title='bbox 709 2410 826 2468; x_wconf 87' lang='lat' dir='ltr'>recapitu-</span> 
     </span>
     <span class='ocr_line' id='line_1_32' title="bbox 65 2483 827 2549; baseline -0.003 -18"><span class='ocrx_word' id='word_1_192' title='bbox 65 2487 122 2532; x_wconf 84' lang='lat' dir='ltr'>latio</span> <span class='ocrx_word' id='word_1_193' title='bbox 135 2485 243 2549; x_wconf 20' lang='lat' dir='ltr'>omnium·</span> <span class='ocrx_word' id='word_1_194' title='bbox 256 2483 424 2547; x_wconf 74' lang='lat' dir='ltr'>Exercitiorum</span> <span class='ocrx_word' id='word_1_195' title='bbox 437 2483 600 2544; x_wconf 81' lang='lat' dir='ltr'>spiritualium,</span> <span class='ocrx_word' id='word_1_196' title='bbox 615 2483 725 2528; x_wconf 87' lang='lat' dir='ltr'>inducens</span> <span class='ocrx_word' id='word_1_197' title='bbox 736 2485 827 2529; x_wconf 81' lang='lat' dir='ltr'>strauis-</span> 
     </span>
     <span class='ocr_line' id='line_1_33' title="bbox 66 2547 828 2620; baseline -0.003 -13"><span class='ocrx_word' id='word_1_198' title='bbox 66 2565 151 2609; x_wconf 90' lang='lat' dir='ltr'>simum</span> <span class='ocrx_word' id='word_1_199' title='bbox 162 2551 187 2606; x_wconf 50' lang='lat' dir='ltr'>ct¹</span> <span class='ocrx_word' id='word_1_200' title='bbox 197 2560 346 2606; x_wconf 86' lang='lat' dir='ltr'>utilissimum</span> <span class='ocrx_word' id='word_1_201' title='bbox 363 2547 493 2620; x_wconf 80' lang='lat' dir='ltr'>praesentiae</span> <span class='ocrx_word' id='word_1_202' title='bbox 506 2559 591 2606; x_wconf 85' lang='lat' dir='ltr'>diuinae</span> <span class='ocrx_word' id='word_1_203' title='bbox 603 2559 754 2617; x_wconf 77' lang='lat' dir='ltr'>Exercitinm,</span> <span class='ocrx_word' id='word_1_204' title='bbox 768 2560 828 2605; x_wconf 86' lang='lat' dir='ltr'>idco-</span> 
     </span>
     <span class='ocr_line' id='line_1_34' title="bbox 66 2636 633 2700; baseline -0.012 -13"><span class='ocrx_word' id='word_1_205' title='bbox 66 2654 112 2700; x_wconf 83' lang='lat' dir='ltr'>que</span> <span class='ocrx_word' id='word_1_206' title='bbox 125 2638 227 2684; x_wconf 88' lang='lat' dir='ltr'>studiose</span> <span class='ocrx_word' id='word_1_207' title='bbox 239 2636 354 2693; x_wconf 80' lang='lat' dir='ltr'>facienda,</span> <span class='ocrx_word' id='word_1_208' title='bbox 367 2642 390 2682; x_wconf 89' lang='lat' dir='ltr'>et</span> <span class='ocrx_word' id='word_1_209' title='bbox 402 2636 488 2696; x_wconf 87' lang='lat' dir='ltr'>pluries</span> <span class='ocrx_word' id='word_1_210' title='bbox 500 2636 633 2695; x_wconf 88' lang='lat' dir='ltr'>repetenda.</span> 
     </span>
    </p>
   </div>
   <div class='ocr_carea' id='block_1_3' title="bbox 0 0 868 2812">
    <p class='ocr_par' dir='ltr' id='par_1_13' title="bbox 0 0 868 2812">
     <span class='ocr_line' id='line_1_35' title="bbox 0 0 868 2812; baseline 0 0"><span class='ocrx_word' id='word_1_211' title='bbox 0 0 868 2812; x_wconf 95' lang='lat' dir='ltr'> </span> 
     </span>
    </p>
   </div>
  </div>
 </body>
</html>
