1715 2908
63 132 114 194 308
273 148 330 186 orus
348 149 502 186 nnronsmus
520 150 616 185 rannus

65 248 95 295 ad
106 247 149 294 Dei
160 247 256 315 cultum,
264 254 288 294 et
298 248 555 310 inotudttvetsupponn
566 261 668 295 amorem
680 255 706 296 etv
716 249 826 296 honorem

64 337 170 384 personae
192 324 221 369 ad
244 336 314 384 quarn
338 324 471 370 immediate
494 331 626 383 exornetur,
643 325 673 371 in
695 324 776 372 ordine
798 326 827 372 nd

59 400 156 445 Deum:
173 399 232 444 unde
249 399 342 446 devotio
359 400 518 461 ergaBeatam
536 401 654 460 Virginem
675 406 709 447 est
728 414 792 447 amor
804 407 827 447 et

65 475 197 521 reverentia
208 489 261 535 erga
272 477 367 523 Beatam
380 476 484 533 Mariam,
498 481 524 523 nt
537 477 578 522 Dei
589 477 738 523 Genitrieem.
752 477 780 523 Et
790 477 828 523 hic

66 550 142 596 cultus
156 549 241 595 dieitur
260 551 487 612 Hyperdulia.ionge
507 551 601 598 interior
622 552 760 606 Latriasuh
781 553 828 598 Deo

67 625 153 678 debita,
168 625 208 670 sed
228 628 333 685 superior
356 626 432 684 timia,
445 627 537 673 Sanctis
557 627 600 674 Dei
619 629 692 674 seruis
709 633 732 673 et
749 628 829 673 aminis

67 702 227 747 conueniente.

97 778 136 822 ΙΙΙ.
152 802 179 810 ——
190 777 276 824 htotiva
287 778 354 837 hujus
365 778 529 832 venerationis,
540 778 586 825 aha
598 786 651 824 sunt
662 793 690 825 ex
701 784 768 839 parte
779 779 828 832 Dei,

68 851 113 898 alia
126 858 228 911 exparte
241 853 350 912 Virginis,
364 853 408 898 aha
420 867 448 898 ex
462 860 526 912 parte
537 855 622 907 nostri;
638 856 699 899 Dens
711 853 772 899 enirn
782 854 830 898 vuit

68 927 165 986 ipsanio
176 927 242 973 nohis
254 927 307 982 coli,
321 935 345 973 ut
354 928 405 988 ipsa
419 934 527 984 meretur,
543 934 565 973 et
577 928 676 987 idipsum
687 928 753 974 nohis
764 928 831 974 vaide

70 1001 125 1046 utile
141 1007 184 1047 est.

100 1078 184 1122 Primo.
197 1077 305 1137 Experto
316 1077 365 1121 ner.
374 1078 399 1121 t⁰
407 1077 469 1121 Deus
478 1082 541 1121 amat
549 1071 645 1122 Beatam
653 1076 771 1136 Virginem
784 1091 833 1137 prae

70 1150 184 1205 onniihus,
197 1155 245 1197 tani
262 1151 356 1209 Angelis
377 1164 446 1209 quam
465 1150 607 1205 hominihus;
622 1154 647 1196 ⁶2⁰
666 1151 715 1196 vuit
733 1151 796 1197 illam
819 1165 832 1197 a

71 1225 137 1270 nohis
148 1226 220 1271 arnari
232 1231 256 1270 et
271 1225 323 1278 ooli,
336 1226 390 1283 quia
403 1226 480 1270 omnia
492 1225 541 1269 nuh
555 1238 595 1270 nos
612 1225 696 1270 hahere
709 1238 749 1283 per
768 1239 831 1282 eam3

71 1304 96 1346 3⁰
107 1307 155 1345 tres
168 1301 259 1346 diuinas
269 1302 381 1346 Personas
394 1298 506 1345 affinitate
515 1299 617 1358 attingit.

101 1376 216 1423 Secundo.
226 1377 297 1422 Beata
307 1377 380 1422 hlauta
392 1389 494 1421 amorem
508 1383 530 1421 ot
541 1376 629 1421 anitum
642 1381 746 1421 nostrum
757 1390 834 1422 mere-

73 1460 110 1498 tur
121 1451 151 1496 ob
163 1465 228 1496 suam
243 1451 381 1511 dignitatern
393 1457 415 1496 et
431 1453 548 1510 propriam
565 1451 740 1507 excellentiam
753 1451 834 1498 obhe-

72 1527 229 1573 nevotentiam
248 1530 272 1570 et
291 1525 468 1571 beneficentiam
484 1539 559 1570 snam.
578 1528 603 1569 t⁰
620 1526 660 1570 Est
680 1526 743 1571 enim
762 1527 834 1577 Mater

72 1604 166 1659 Christi,
180 1602 366 1664 adeoquehtater
376 1603 427 1659 Dei,
439 1602 494 1663 quid
506 1602 682 1651 subtiminst2⁰
695 1608 730 1649 est
746 1604 835 1662 Regina

73 1679 214 1738 Angelorum
227 1684 250 1724 et
260 1677 392 1736 hominnm
406 1680 432 1724 30
443 1682 478 1723 est
492 1682 652 1724 ereaturarum
670 1678 834 1735 Sanctissinra;

74 1759 99 1802 4⁰
113 1760 148 1800 est
160 1756 234 1801 Mater
254 1761 333 1801 nostra
350 1758 373 1799 et
394 1753 544 1815 Cooperatrix
557 1753 651 1808 salutis,
661 1752 768 1814 adeoque
784 1762 836 1814 post

74 1832 193 1877 Christum
203 1830 327 1875 Dominum
338 1829 437 1875 maxime
451 1830 549 1875 amanda
562 1836 585 1875 et
596 1828 700 1875 colenda.

105 1906 192 1952 Tertio.
204 1906 260 1952 Haec
271 1905 362 1952 devotio
374 1905 450 1951 omnia
465 1904 530 1950 nohis
542 1912 631 1951 naturae
647 1910 671 1949 et
684 1905 766 1963 gratiae
777 1905 835 1950 dona

75 1981 192 2038 conciliat,
209 1987 290 2039 estque
307 1982 406 2041 speciale
424 1981 516 2040 signum
535 1979 753 2039 praedestinationis.
773 1981 838 2025 Hane

75 2059 224 2105 devotionern
233 2058 333 2116 Spiritus
351 2059 452 2103 Sanetusv
460 2056 571 2102 Ecclesiae
592 2056 706 2101 universae
725 2069 737 2101 a
757 2056 838 2116 primis

74 2147 150 2193 usque
172 2133 255 2178 secutis
272 2133 401 2191 inspiravit,
415 2137 440 2176 ut
457 2136 521 2190 patet
540 2145 568 2175 ex
590 2130 715 2175 innumeris
737 2130 836 2190 templis,

77 2211 132 2263 aris,
146 2207 377 2267 congregationibus,
391 2206 456 2252 festis
465 2206 488 2251 in
500 2206 549 2271 ejun
561 2205 672 2250 honorem
682 2206 803 2257 institutis,
816 2214 838 2250 et

75 2283 184 2344 precihus
196 2284 224 2327 ad
238 2284 314 2340 ipsam
324 2281 456 2340 specialiter
468 2280 573 2331 directis,
584 2279 613 2325 ab
622 2278 726 2325 Eoelesia
736 2279 840 2339 probatis

78 2367 102 2405 et
115 2359 245 2417 praeoeptis.
746 2398 747 2401 ,

109 2434 146 2479 tv.
160 2459 190 2466 —
201 2432 276 2478 Media
287 2431 316 2478 ad
327 2432 386 2478 hane
396 2431 542 2477 devotionem
554 2429 734 2489 comparandam
744 2436 798 2475 sunt
809 2441 841 2474 se·

79 2509 192 2571 quentia:
329 2568 331 2571 r
659 2511 661 2513 ’

110 2586 136 2629 t0
147 2585 234 2642 Legere
244 2583 315 2629 libros
327 2583 349 2627 in
365 2583 415 2641 ejus
431 2582 543 2627 honorem
555 2580 663 2640 scriptos,
675 2580 750 2639 elogia
767 2581 816 2639 ejus
828 2592 841 2625 a

80 2659 168 2707 sanetis
180 2658 288 2705 Patribus
301 2662 324 2705 et
336 2657 444 2704 Conciliis
456 2656 526 2705 faeta.
