1715 2908
211 219 339 253 sncuunm
353 219 520 252 nnuuomaem
538 220 651 254 cerninus
761 201 808 255 185

52 313 142 361 Christo
158 315 221 368 data,
235 315 320 375 partim
341 320 394 360 ante
411 314 548 375 passionem,
560 317 644 374 partim
657 319 709 375 post
721 315 808 361 Resur-

52 389 189 445 rectionem;
203 390 243 435 sed
260 402 300 450 per
319 389 430 448 Spiritum
445 389 555 435 Sanctum
573 392 640 447 Juxta
652 389 737 435 Christi
753 403 808 449 pro-

52 463 184 509 missionem
195 464 216 508 in
228 463 265 508 die
276 465 422 509 Pentecostes
436 463 525 523 plenius
535 463 621 520 infusa;
636 477 718 523 nempe
730 464 808 509 seien-

52 539 83 583 tia
96 538 124 583 de
135 539 182 583 Deo
197 538 311 599 rebusque
331 537 423 593 divinis,
436 546 459 583 et
475 552 488 584 a
501 539 548 583 Deo
562 539 590 583 ab
609 539 675 584 initio
687 539 806 596 revelatis,

51 626 103 659 cum
117 613 176 659 dono
192 613 322 672 linguarum
340 613 368 659 ad
385 628 436 659 eam
456 614 678 660 communicandam.
691 615 807 661 Sanctitas

50 687 151 748 perfecte
173 687 267 733 fundata
286 687 308 731 in
329 687 453 733 virtutibus
471 687 542 741 Fidei,
556 688 617 747 Spei,
638 689 763 734 Charitatis
784 696 806 734 et

50 763 187 820 Religionim
198 768 221 807 et
235 768 337 820 potestas
356 762 412 809 alios
426 762 587 807 sanctificandi
604 776 643 821 per
656 763 807 822 praedicatio·

50 850 102 882 nem
111 842 134 882 et
146 837 302 890 Sacramenta,
317 842 415 896 quaeest
428 842 531 896 potestas
549 837 664 883 ordinaria
676 838 698 882 in
712 851 806 883 succes-
823 866 826 871 ·

50 913 113 958 sione
125 911 291 957 transferenda.
304 912 344 957 Cui
359 912 469 971 adjuncta
479 919 529 957 erat
542 911 564 955 in
575 911 691 970 Apostolis
704 917 805 972 potestas

49 987 231 1033 extraordinaria
238 986 343 1045 patrandi
351 986 462 1033 miracula
474 987 546 1032 etiarn
559 988 646 1045 majora
656 999 727 1045 quam
737 987 806 1033 Chri-

49 1070 106 1116 stus,
120 1067 145 1106 ut
158 1063 207 1121 ipse
216 1061 366 1121 promiserat„

77 1138 133 1183 Haec
155 1137 197 1181 Dei
219 1137 278 1182 dona
297 1143 391 1181 manent
415 1149 505 1196 semper
524 1136 548 1181 in
563 1129 679 1192 Ecclesia;
694 1137 736 1182 scd
760 1137 805 1183 duo

48 1213 129 1273 prima,
139 1225 221 1271 nempe
234 1211 339 1257 doctrina
353 1217 375 1256 et
390 1212 510 1266 sauctitas
523 1213 617 1271 proprio
633 1212 711 1258 studio
730 1213 805 1259 asin-

48 1288 106 1347 gatis
123 1286 277 1347 comparanda
293 1291 347 1332 sunt
367 1300 419 1332 cum
440 1286 572 1345 adjumento
588 1288 677 1346 gratiae.
692 1289 802 1344 Tertium,

48 1376 128 1422 nempe
146 1367 248 1421 potestas
260 1360 376 1407 ordinaria
396 1360 528 1407 conferendi
544 1362 701 1419 Sacramenta,
716 1365 806 1424 accipi-

47 1443 84 1483 tur
95 1438 119 1483 in
130 1429 288 1483 Ordinatione.
302 1436 491 1482 Extraordinaria
507 1440 583 1482 autem
601 1443 704 1497 potestas
721 1440 803 1486 edendi

47 1512 158 1558 miracuta
170 1518 193 1557 et
210 1512 294 1557 donum
306 1511 444 1570 linguarum,
457 1511 573 1558 interdum
585 1512 652 1557 datur
663 1525 677 1558 a
687 1514 736 1560 Deo
747 1515 804 1561 viris

47 1588 139 1641 sanctis,
153 1601 205 1634 cum
219 1587 310 1646 expedit
323 1586 353 1633 ad
365 1586 537 1632 conversionem
550 1586 685 1643 infidelium,
700 1593 725 1634 ut
735 1589 804 1635 Fran-

46 1664 107 1709 cisco
126 1663 229 1708 Xaverio
248 1662 276 1707 ad
294 1662 403 1707 Indorum
423 1666 446 1706 et
464 1662 585 1721 Japenum,
599 1667 623 1708 et
639 1663 738 1724 Josepho
753 1668 804 1712 An-

47 1739 130 1785 chietre
142 1739 171 1784 ad
182 1735 330 1783 Brasiliorum
343 1741 366 1780 et
378 1736 569 1782 Americanorum
579 1737 760 1784 conversionem.

74 1815 189 1860 Caeterum
212 1817 314 1871 potestas
330 1809 368 1856 illa
388 1810 506 1856 ordinaria
521 1812 681 1858 sanctificandi
698 1813 802 1861 homines

46 1894 68 1932 ut
77 1889 106 1934 ad
117 1892 229 1934 (eternam
247 1886 288 1931 Dei
301 1884 432 1935 fruitionem
444 1885 592 1944 perducendi,
605 1900 658 1946 quae
669 1901 712 1933 nec
723 1891 801 1947 Ange-

46 1963 72 2009 trs
90 1975 200 2011 concessa
217 1966 265 2018 est3
279 1961 307 2006 de
327 1973 373 2020 qua
392 1960 506 2019 Propheta
524 1959 704 2007 admirabundus
723 1962 799 2009 dicit:

43 2037 118 2085 Nimis
134 2036 278 2095 honorificati
289 2041 342 2080 serit
355 2034 423 2080 nmini
440 2036 484 2089 cni,
498 2035 645 2088 Herennianis
660 2036 801 2096 confortatus

44 2119 75 2159 ert
87 2113 231 2171 prinicipntns
245 2124 322 2155 eorum
336 2110 380 2167 μὴ·
392 2109 433 2153 tibi
449 2109 561 2155 vilissimo
579 2109 726 2156 homuncioni
742 2124 802 2157 con-

44 2183 123 2231 fertur.
136 2186 193 2243 Quae
210 2184 324 2244 dignatio!
340 2183 395 2243 quid
418 2183 532 2230 retribues
550 2185 648 2248 Domino
665 2199 706 2244 pro
723 2186 801 2231 omni-

43 2258 101 2306 bus‘?
114 2261 167 2306 vide
177 2261 292 2321 quomodo
313 2272 339 2304 ea
351 2259 424 2305 utaris
437 2258 465 2302 ad
482 2258 524 2304 Dei
542 2259 647 2317 gloriam,
660 2264 684 2305 et
701 2261 800 2308 salutem

43 2336 179 2380 animarum.

71 2412 186 2457 Puncrun
208 2410 247 2455 III.
271 2435 299 2444 -
319 2408 460 2454 Exercitium
477 2408 545 2469 hujus
565 2409 679 2455 blissionis
700 2410 799 2457 habetur

42 2482 110 2529 Marci
118 2483 203 2529 <ultimo
213 2484 249 2528 his
259 2483 336 2529 verbis
348 2497 353 2527 ε
367 2481 405 2528 tet
421 2488 495 2528 cutem
508 2482 605 2542 profecti
614 2484 800 2542 praedicaverunt

42 2558 128 2617 ubique,
140 2559 235 2603 Domino
245 2564 375 2618 cooperante
386 2564 408 2605 et
419 2570 541 2604 sermonem
548 2558 695 2617 rorrfirrnunte
705 2574 798 2620 sequen-

43 2631 100 2677 tibus
110 2633 188 2691 riparia.

65 2721 90 2767 (t)
99 2722 166 2761 Psalm,
178 2730 265 2758 cunnum.
