1715 2908
68 65 118 115 146
286 80 343 116 eins
361 81 471 116 necinus
492 80 608 119 Quaeres

67 177 217 236 cupiscentiae
227 191 272 222 nori
283 178 369 223 cedat?
380 179 432 238 quis
443 178 478 223 vel
490 180 585 238 singulis
596 179 763 227 tentationibus
775 194 826 227 eon·

67 257 157 297 stanter
168 252 278 298 resistat?
288 253 372 299 Recole
386 253 490 312 exempla
503 255 622 312 praeterita
634 259 658 300 et
670 254 807 314 quotidiana
820 269 825 297 :

67 325 186 372 hominurn
199 327 332 372 coecitatem
350 332 373 372 et
391 327 505 372 insaniam
522 327 636 374 demirare
651 332 675 373 et
692 328 823 374 miserere:

68 405 132 446 tuam
142 401 214 459 ipsius
225 403 355 456 recordare,
368 402 484 447 detestare
495 400 517 447 et
529 401 631 461 deplora,

97 477 212 523 Punorun
225 476 253 522 ll.
270 503 300 511 -—
313 476 470 524 Consideratiu
483 477 537 523 lesu
549 476 641 534 Christi,
653 475 740 535 vexilli,
752 483 827 527 eoetus
840 531 841 534 Ἴ

67 558 90 598 et
103 552 221 598 concionis
233 554 292 612 ejus.

98 630 123 672 l0
139 629 231 674 Intuere
247 629 363 675 Christum
378 629 456 674 lesum
471 644 476 672 ι
489 629 610 688 speciosum
625 628 700 689 formu
710 641 761 690 prce
772 628 827 689 fillis

67 704 183 749 lominum
201 705 239 764 (ll,
258 712 352 764 aspectu
371 717 459 750 summe
481 704 612 759 amabilem,
630 701 713 750 humili
733 705 826 764 quidem

67 778 118 824 loeo
132 780 293 834 constitutum,
308 780 348 824 sed
367 779 390 824 in
407 790 497 825 arnoeno
513 791 674 839 eampoprope
690 778 825 833 Jerusalem,

68 867 121 913 quae
133 854 191 899 risio
202 854 266 912 pacis
275 861 298 898 et
308 854 391 899 civitas
401 861 482 899 saneta
491 858 537 910 est,
546 865 599 914 quae
611 854 688 900 omnia
699 853 825 912 ingenium,

67 941 152 983 mores,
165 935 188 973 et
197 929 292 973 effeetus
304 928 357 973 boni
368 927 463 988 spiritus
475 929 595 975 denotant.

98 1007 124 1050 2⁰
136 1003 194 1049 Vide
213 1009 238 1047 ut
255 1002 397 1049 salutiferum
410 1002 519 1048 vexillum
533 1004 615 1061 erigat,
630 1003 659 1050 ad
670 1003 732 1063 quod
747 1003 826 1054 miseri

68 1077 178 1123 mortales
188 1076 329 1136 confugiant,
340 1077 379 1136 qui
390 1090 414 1122 se
424 1077 513 1136 laqueis
520 1076 631 1124 daemonis
641 1067 733 1136 ereptos
744 1077 825 1125 uelint.

68 1166 121 1198 eum
137 1152 248 1212 seriptum
264 1151 311 1196 sit:
325 1156 457 1211 paupertas,
472 1155 626 1210 contemptus,
639 1149 761 1211 subjectio,
775 1163 827 1212 quae

68 1230 193 1289 propositis
205 1244 218 1276 a
237 1227 342 1274 Lueilero
354 1240 382 1273 ex
392 1227 489 1273 adverso
503 1226 651 1288 respondent,
662 1233 686 1274 et
703 1226 827 1275 virtutihus

68 1305 176 1353 omnibus
187 1305 248 1351 viam
259 1311 351 1366 parant.

98 1385 124 1428 3⁰
134 1381 192 1429 Vide
203 1382 273 1427 etiam
286 1379 401 1440 quomodo
412 1378 498 1426 eleetos
511 1394 524 1427 a
539 1394 564 1426 se
576 1379 707 1439 Apostolos,
721 1379 826 1441 aliosque

68 1457 187 1503 ministros
197 1470 239 1516 per
247 1455 379 1501 universum
387 1455 465 1500 orbem
477 1456 576 1509 emittat,
587 1457 627 1515 qui
638 1456 699 1502 omni
707 1455 826 1501 hominnm

67 1531 146 1591 generi
157 1530 287 1576 doctrinam
302 1528 445 1575 salutiferam
461 1529 602 1587 impertiant,
617 1541 703 1590 eosque
712 1530 749 1576 ‘ad
759 1542 826 1575 suum

67 1605 177 1652 vexillum
190 1605 305 1651 adducere
316 1610 338 1647 et
351 1615 490 1662 congregare
503 1604 620 1649 studeant.

98 1682 124 1725 40
134 1679 194 1726 Audi
207 1692 336 1724 sermonem
347 1679 395 1736 ejus
405 1678 434 1723 ad
445 1691 499 1723 suos
512 1693 517 1722 :
530 1678 563 1723 Ite
574 1676 599 1722 io
613 1677 722 1724 maedam
737 1678 826 1725 altiver-

66 1767 125 1809 som,
143 1752 266 1814 predicate
285 1751 434 1811 Eoeapele'am
451 1753 512 1797 omiti
531 1758 643 1798 creature
661 1753 689 1812 (2)
708 1752 826 1799 :doeerttes

67 1843 103 1876 eos
114 1843 206 1875 servare
224 1826 304 1873 orna-ie·
313 1840 453 1886 petierantque
471 1825 577 1871 mottduot'
588 1825 649 1871 vobis
659 1826 696 1886 (3).
715 1825 744 1872 Et
764 1837 824 1886 quae,

47 1964 52 1976 ⁹
67 1912 108 1955 aut
118 1903 252 1969 quomodo?
265 1904 394 1950 inducendo
406 1916 444 1949 eos
456 1903 558 1963 primum
568 1902 598 1949 ad
610 1901 753 1964 spiritualem
768 1901 824 1950 alle-

66 1991 131 2033 otum
146 1980 299 2045 paupertatis,
312 1980 366 2026 dein
386 1980 415 2026 ad
435 1986 581 2039 contemptus
599 1978 749 2034 desiderium,
760 1982 784 2024 et
796 1977 824 2025 ad

66 2061 167 2123 propriae
178 2057 307 2106 voluntatis
319 2054 508 2116 abnegationem,
522 2054 581 2101 unde
598 2054 715 2115 consurgit
729 2053 825 2099 hennili-

67 2143 112 2193 tae,
123 2144 147 2183 et
159 2143 207 2181 tres
219 2125 368 2194 perfeetionis
380 2132 473 2191 gradus.

97 2212 123 2255 50
135 2210 235 2257 Attende
248 2215 273 2254 ut
284 2207 388 2267 Apostoli
405 2208 467 2252 dieto
480 2206 608 2260 audientes,
620 2212 644 2251 et
659 2204 757 2251 Domino
768 2203 825 2250 obe-

67 2287 166 2339 dientes,
175 2282 274 2343 profertt'
287 2279 473 2339 predicaverunt
484 2278 573 2337 ubique,
587 2278 683 2325 Detumo
695 2282 825 2337 cooperante

67 2366 89 2407 et
103 2373 226 2405 sermonem
243 2356 390 2414 ooafirmoute
401 2352 542 2414 sequentibus
560 2352 630 2413 septais
643 2354 681 2413 (l),
694 2342 771 2413 opum,
780 2351 825 2397 ho*

65 2446 158 2489 norum,
170 2432 306 2478 deliciarum
321 2433 487 2489 contemptum,
500 2435 523 2474 et
536 2426 706 2473 contrariorum
723 2436 824 2473 amorem

89 2556 118 2603 (l)
126 2555 194 2593 Psalm,
202 2562 253 2590 xnrv.
480 2547 504 2594 (3]
513 2547 581 2584 narie.
594 2556 659 2585 xxviii.

25 2611 28 2614 ’
90 2601 181 2651 (allidere.
190 2609 226 2638 xu.
480 2593 622 2641 [titillatam.
