1715 2812
265 129 384 168 sruorsrs
402 131 551 166 nunnarmn
758 118 791 166 15

58 235 96 281 ΙΙΙ.
123 260 149 269 -
172 230 294 292 Appendix
317 229 487 275 Exercitiorum
511 230 668 289 spiritualium
688 232 791 277 continet

29 318 128 372 quatuor
138 309 297 368 additamenta
311 310 333 350 et
344 306 409 365 quasi
421 304 589 364 supplementa,

58 387 160 431 Primum
172 388 207 429 est
220 379 303 440 triplex
314 381 394 426 orandi
407 380 495 425 modus.
509 380 611 437 Quorum
622 381 710 441 primus
723 381 791 426 dedu·

29 467 93 508 cetur
107 474 135 505 ex
148 457 264 503 mandatis
276 456 319 500 Dei
335 460 358 500 ot
374 455 493 509 Ecclesiae,
509 469 536 500 ex
546 458 657 515 peccatis,
670 470 699 501 ex
716 456 790 501 tribus

29 538 112 582 animia
123 532 242 594 potentiis,
255 545 282 576 eir
301 531 403 590 quinque
422 530 527 575 sensibus
545 531 697 577 consideratis
711 537 733 577 et
748 546 790 577 eu-

28 612 104 670 pensis
118 622 157 667 per
170 606 264 651 modum
277 606 389 650 examinis
400 605 529 663 cujusdam.

57 682 176 731 Secundus
191 695 219 726 aii
235 694 319 725 vocum
337 679 480 738 singularum
496 680 594 738 alicujus
610 682 721 726 orationis
734 696 790 741 per·

27 774 97 820 pensa
109 759 200 803 diversa
213 755 389 814 significatione,
403 768 455 800 cnm
466 755 550 800 allecta
561 761 584 801 et
597 762 673 814 gustu.

56 833 147 878 Tertius
158 845 198 891 par
209 830 334 890 quamdam
346 842 428 875 uocum
441 837 464 874 et
476 836 606 889 temporum
620 842 788 877 coinmensura-

27 908 162 961 munemita
173 912 197 951 ut
211 907 270 951 inter
281 904 383 963 singulas
396 904 524 964 respirandi
537 905 600 951 uices
613 905 702 964 singula
713 907 788 952 Domi-

27 984 131 1031 nicaerel
147 981 242 1029 alterius
258 981 369 1027 orationis
388 982 458 1026 verba
477 983 673 1037 transmittantur,
687 995 787 1041 expensa

26 1062 118 1107 interim
137 1059 173 1105 val
185 1059 249 1103 vocis
265 1057 441 1116 significatione,
454 1056 491 1103 vel
511 1070 707 1118 personaturum
726 1071 786 1115 oras,

26 1137 147 1197 dignitate,
158 1134 195 1180 vel
206 1139 285 1199 nostra
298 1133 409 1188 exilitate,
421 1132 458 1178 uel
471 1134 591 1194 utriusque
603 1134 741 1181 differentia.

55 1214 142 1258 Horum
164 1210 234 1254 trium
255 1209 335 1254 orandi
357 1210 477 1255 modorum
501 1209 602 1269 singulos
622 1210 718 1269 singulis
740 1211 787 1257 fera

26 1287 176 1335 hebdomadis
185 1285 356 1346 adaptavimus.

55 1364 187 1411 Secundum
205 1368 239 1407 ast
257 1362 330 1407 series
350 1363 513 1422 mysteriorum
530 1363 622 1407 Domini
642 1364 715 1408 nostri
734 1365 788 1410 lesu

26 1440 119 1495 Christi7
132 1439 282 1499 suppeditans
294 1438 416 1483 materiam
428 1438 605 1483 lloditationum
618 1453 659 1498 pro
671 1440 745 1486 tribus
757 1441 789 1486 ul·

26 1518 89 1562 timis
98 1514 250 1560 hebdomadis
260 1513 284 1558 in
293 1515 336 1558 tria
345 1512 392 1558 lare
404 1519 487 1573 puncta
499 1514 634 1559 divisarum.
643 1515 700 1571 Quae
710 1517 787 1561 omnia

25 1592 48 1636 in
67 1596 114 1635 tres
131 1588 217 1634 classes
237 1587 310 1632 diuidi
329 1593 433 1646 possunt
448 1595 471 1632 at
487 1588 569 1633 hatum
587 1590 661 1647 prima
683 1591 707 1634 in
729 1591 787 1635 duas

25 1671 110 1725 padus,
125 1664 209 1722 quibus
222 1650 370 1707 traditur'uia
384 1662 547 1708 mandatorum
560 1670 582 1707 et
596 1663 705 1722 perfectio
716 1664 787 1711 Euan·

25 1740 98 1798 gelica
111 1752 152 1797 per
164 1739 236 1782 uitam
249 1736 333 1781 Christi
347 1736 463 1795 privatam
475 1743 498 1781 et
509 1737 635 1797 publicam.

54 1806 158 1859 Tertium
175 1817 210 1857 est
222 1810 366 1868 complexum
379 1811 518 1870 Regularum
532 1814 592 1858 inter
604 1814 720 1860 Exercitia
730 1829 786 1874 pro-

25 1890 190 1949 potiendarum,
211 1898 309 1946 quarum
331 1885 433 1944 singulas
452 1887 549 1948 singulis
568 1887 615 1933 fere
635 1887 786 1935 hebdomadis

25 1964 201 2021 assignavimus.
851 1950 852 1953 ¹

54 2038 167 2093 Quartum
176 2036 275 2095 denique
288 2040 322 2080 est
334 2033 473 2088 emendatio,
482 2048 521 2079 scu
534 2036 660 2081 declaratio
674 2050 786 2097 qnorum-

24 2114 77 2158 dam
90 2114 193 2158 locorum
205 2110 286 2157 Libelli
303 2110 472 2154 Exercitiorum
485 2110 555 2163 factat
568 2113 634 2170 jussu
653 2113 798 2172 Congrega-.

24 2188 93 2232 tionis
111 2188 199 2248 quintas
218 2184 345 2239 Generalis,
359 2198 400 2244 per
417 2185 550 2243 diligentem
570 2187 717 2234 collationem
733 2204 786 2234 cum

25 2267 167 2322 autographo
191 2262 324 2321 Hispaniam
346 2260 469 2319 diligenter
491 2262 642 2319 aelrertnnrla,
664 2268 686 2307 ot
706 2264 786 2310 sedulo

24 2339 133 2385 notanda.
