1715 2908
72 137 121 189 178
143 195 145 198 Α
291 151 348 188 nrns
366 152 479 192 anemos
499 153 614 197 ocravos

69 256 105 297 est
115 264 186 312 quam
202 250 315 312 scriptum
334 256 357 298 et
370 252 457 299 lectum
470 268 476 298 z
490 254 524 301 sic
533 254 596 303 Deus
615 269 656 315 per
667 256 794 318 Prophetas
809 263 833 305 et

68 327 192 389 Apostolos
204 325 296 372 locutus
310 331 346 373 est
359 342 365 373 :
377 327 424 373 imo
436 328 470 374 sic
482 328 572 375 locutus
590 335 625 375 est
643 331 709 377 nohis
726 332 749 378 in
764 333 830 389 Filio,

68 404 109 466 qui
121 402 177 449 nihil
188 403 289 463 scripsit.

99 483 125 527 2⁰
137 479 191 525 Ideo
208 478 307 525 libenter
323 483 347 524 et
363 478 497 538 frequenter
507 481 537 525 ad
548 480 673 527 Conciones
685 488 708 528 et
718 482 833 531 Exhorta-

69 555 144 601 tiones
155 554 248 611 accede,
261 568 314 600 cum
324 552 414 600 ardenti
426 553 541 600 desiderio
552 554 616 601 verbi
627 556 706 615 divini,
721 565 833 620 tanquam

68 630 114 678 cibi
125 630 218 690 animae,
231 635 257 677 ut
269 629 350 677 melior
361 636 383 675 et
394 630 496 676 sanctior
508 630 601 677 evadas.

98 709 124 752 30
141 708 201 753 Ante
213 707 353 753 Concionem
366 718 472 765 praepara
486 705 587 752 animam
606 712 669 754 tuam
687 723 727 769 per
744 697 833 756 oratio-

68 796 129 838 nem,
144 783 170 828 ut
186 783 210 828 in
225 783 300 842 ipsam
315 781 417 827 introeat
436 782 558 841 sapientia,
572 787 594 828 et
606 783 702 829 verbum
717 786 757 831 Dei
774 785 833 833 hene

68 858 146 914 cadat,
161 858 309 917 fructumque
326 856 385 917 ferat
397 856 421 901 in
435 860 458 901 te
471 861 494 902 et
504 857 529 901 in
541 856 593 903 aliis
605 848 726 919 quoscum
738 861 833 908 concio-

67 941 150 979 natore
162 930 343 978 commendabis.
817 974 819 978 ,

98 1011 124 1055 4ο
142 1009 235 1054 Intuere
254 1009 330 1053 Deum
345 1006 369 1051 in
387 1006 491 1065 dicente3
511 1011 535 1053 et
554 1011 603 1053 esto
622 1010 714 1056 auditor
729 1011 830 1069 humilis,

67 1082 202 1139 benevolus,
221 1087 333 1137 attentus,
356 1080 446 1137 docilis,
465 1096 511 1129 non
529 1095 643 1139 morosos,
663 1087 776 1141 curiosus
792 1094 832 1133 aut

68 1161 173 1208 criticus.

98 1237 125 1280 50
136 1235 193 1292 Qum
205 1234 323 1290 dicuntur,
335 1231 378 1277 tibi
390 1233 467 1291 potius
480 1247 550 1293 quam
567 1233 618 1279 aliis
635 1235 734 1294 applica,
751 1242 776 1282 ut
789 1239 832 1284 Dei

69 1316 92 1356 te
106 1309 245 1369 alloquentis
256 1307 340 1365 verba3
355 1312 378 1353 et
389 1307 476 1367 aliquid
489 1307 622 1368 specialiter
634 1314 697 1356 nota.

63 1394 66 1399 '
99 1388 125 1431 60
136 1386 190 1430 Post
202 1384 342 1430 concionem
353 1382 402 1427 Deo
410 1382 490 1427 statim
501 1383 588 1441 gratias
599 1397 649 1442 age,
662 1390 685 1430 et
696 1392 749 1445 pete
760 1391 786 1432 ut
797 1401 832 1431 se-

67 1474 120 1509 mea
137 1459 200 1504 certi
215 1458 290 1503 dictet
311 1457 333 1501 in
351 1460 375 1502 te
394 1456 492 1516 aliisque
511 1463 612 1513 maneat,
631 1463 654 1504 et
669 1465 744 1507 ortam
760 1460 832 1521 faciat

68 1535 170 1595 fractora
183 1532 310 1591 certtoplrtm
321 1531 345 1575 in
356 1537 460 1591 tempore
470 1544 512 1576 suo
525 1531 561 1590 (l).
583 1592 584 1595 Ἰ

219 1783 303 1837 DIES
328 1781 489 1837 DECIMUS
514 1782 682 1839 OCTAVUS

175 1891 329 1930 scamnum
352 1892 559 1934 marmoricham
582 1894 725 1934 ocrnvrrs

284 1982 413 2017 lPos'romcm
426 1989 481 2017 virm
494 1989 620 2018 axnncmrurr

99 2070 146 2117 Pro
168 2068 258 2117 Chresto
280 2067 389 2127 locotione
410 2066 540 2129 foopimor,
557 2073 664 2128 tanquam
686 2069 732 2116 Deo
752 2072 831 2117 eohor-

71 2153 133 2195 toote
142 2160 183 2207 per
198 2159 247 2191 cos.
259 2145 280 2198 ll
293 2144 345 2191 Cor.
358 2157 382 2191 v.

345 2294 364 2340 Ι.
385 2291 557 2340 ΜΕΒΙΤΑΤΙΟ,

206 2393 240 2440 De
255 2390 330 2438 missis
345 2390 375 2438 cd
387 2390 562 2451 predicandam
576 2389 697 2450 Apostolis.
752 2438 754 2441 ,

99 2495 223 2532 Praelodtom
232 2495 250 2532 Ι.
266 2512 293 2521 »-
304 2491 356 2530 Audi
365 2491 466 2531 Christum
476 2491 574 2531 dicentem
585 2491 685 2541 Apostolis
696 2503 701 2533 :
713 2496 769 2533 Siout
779 2493 832 2531 misit

73 2558 105 2586 nte
115 2548 182 2594 Potor,
192 2551 210 2583 et
219 2557 253 2594 epo
263 2548 321 2583 mitto
330 2556 364 2584 uos
375 2543 409 2596 (2).

98 2690 124 2735 (t)
135 2689 177 2725 Luc.
186 2698 224 2727 rur.
490 2687 518 2736 (a)
528 2685 580 2728 loto.
589 2696 621 2723 nx.
