1715 2908
77 197 125 247 186
175 196 176 199 ’
291 214 349 249 orus
368 215 478 249 uncinus
502 214 616 251 ocrnvus

105 311 132 353 l⁰
143 309 294 355 lllinimirum
305 310 408 370 Apostoli
419 309 532 356 aChriste
545 311 621 366 electi,
635 316 659 357 et
671 311 736 358 missi
747 312 833 372 Spiritu

57 377 59 379 ¹
75 385 159 431 Sancto
171 384 240 444 pleni.

105 459 240 507 complecti
260 461 418 521 lerosolymis,
433 460 493 506 unde
510 461 667 520 incipiendum
687 470 745 517 erat,
764 465 832 523 Juxta

75 535 131 599 illud
147 549 151 579 :
167 535 200 581 De
217 535 271 581 Sicm
286 536 356 583 emihlt
373 537 417 589 lec,
438 542 460 581 el
477 536 569 582 verdum
585 536 678 583 Dentim'
695 538 721 584 cle
736 539 832 586 lecese-

75 611 115 656 lem
129 610 165 669 (ll.

104 689 129 731 30
140 686 190 744 Quo
203 686 318 746 proiecti?
326 687 350 732 ιἰι
358 686 488 733 uniuersum
498 686 615 740 muudum,
623 689 689 747 juxta
703 690 832 748 pactionem

73 763 193 822 regionum
205 763 234 808 ah
246 763 303 822 ipsis
315 761 393 808 divino
405 762 517 808 instinctu
533 761 627 809 factam.

103 839 129 883 to
141 838 330 884 Praedicaverunt
348 836 418 884 verbo
430 842 454 883 et
471 836 584 898 exemplo,
602 838 731 886 doctrinam
747 840 832 889 Christi

73 914 244 961 annuntiantes.

102 992 127 1034 50
140 990 237 1049 Utique¹
253 1002 297 1034 non
314 987 387 1035 selum
405 988 429 1033 in
440 987 546 1033 omnihus
561 989 654 1048 Imperii
666 991 764 1038 Romani
776 1007 832 1052 pro,-

72 1065 163 1123 vinciis,
178 1065 217 1109 sed
230 1064 253 1108 in
261 1062 368 1109 Barbaris
380 1075 473 1122 quoque
483 1063 616 1121 regionibus
627 1065 697 1111 notis.

103 1144 128 1186 6⁰
138 1139 236 1186 Domino
250 1143 387 1198 cooperante
399 1152 440 1197 per
452 1138 576 1198 specialem
587 1139 754 1196 assistentiam,
764 1144 831 1202 juxta

71 1216 248 1275 promissionem
261 1214 355 1260 Christi.

101 1293 127 1335 7⁰
141 1291 170 1335 Et
188 1303 317 1335 sermonem
339 1288 490 1334 confirmante
508 1289 658 1348 sequentibus
682 1290 761 1351 signis,
781 1295 831 1340 siue

71 1366 198 1410 miraculis.
212 1365 271 1421 Quin
284 1369 308 1408 et
319 1363 362 1422 ipsi
373 1376 443 1422 prope
454 1376 541 1415 omnes,
556 1363 606 1408 fuso
619 1366 738 1424 sanguine,
752 1368 832 1413 contir-

72 1447 173 1486 marunt.
738 1432 740 1437 ’

100 1518 216 1561 Punctum
228 1513 265 1559 IV.
277 1512 416 1557 —Fructus
428 1511 496 1570 hujus
508 1511 623 1557 hlissionis
633 1513 677 1559 luit
689 1528 695 1559 :

101 1596 126 1634 ιο
139 1588 264 1634 Conversio
275 1587 348 1631 totius
360 1586 447 1641 mundi,
458 1585 487 1630 ah
498 1586 613 1631 [dolorum
622 1587 685 1641 cultu
698 1589 827 1650 multiplici,

16 1721 18 1725 y
71 1665 100 1710 ad
111 1664 237 1710 salutarem
248 1661 336 1707 cultum
347 1662 413 1704 unius
425 1661 466 1704 Dei
480 1661 528 1704 ueri
540 1666 562 1703 et
575 1662 631 1706 vivi.

100 1744 125 1787 20
136 1738 250 1783 Fundatio
263 1736 345 1782 Christi
357 1735 467 1781 Ecclesiae
481 1735 586 1791 visibilis,
600 1744 681 1783 contra
701 1751 771 1796 quam
788 1753 830 1786 nec

70 1820 144 1876 portae
154 1815 176 1858 in
179 1812 229 1868 ieri,
241 1826 285 1857 nec
297 1810 368 1856 seculi
385 1819 476 1870 potesta
479 1816 520 1866 tes,
533 1825 576 1856 nee
586 1818 737 1872 tyrannorum
750 1828 829 1873 perse-

11 1888 12 1891 ’
71 1899 109 1936 cut
112 1892 175 1935 iones
187 1887 312 1948 piraevalere
324 1891 364 1947 pot
366 1891 458 1931 uerunt

101 1969 126 2011 3⁰
142 1966 167 2010 ln
183 1977 211 2010 ea
227 1976 268 2023 per
271 1969 339 2022 petua
352 1963 472 2008 Pastorum
490 1966 513 2007 et
530 1962 634 2007 uirorum
649 1969 715 2022 apost
707 1962 828 2010 tolicorum

70 2041 185 2089 successio
199 2053 272 2098 usque
284 2038 313 2083 ad
324 2044 468 2084 consummat
470 2038 545 2083 ionem
556 2037 636 2083 saeculi
648 2038 672 2082 di
665 2044 716 2084 itira
718 2052 768 2085 ura.

99 2118 128 2163 Et
140 2116 194 2161 hinc
208 2114 324 2160 Missicnis
337 2121 421 2158 nostrae
438 2113 600 2158 auctoritatem
619 2113 753 2172 accipimus,
765 2116 829 2163 velut

70 2192 187 2253 quoddam
200 2189 316 2236 missionis
327 2187 488 2247 Apostolorum
500 2188 702 2247 complementum.

100 2266 254 2326 Colloquium.
276 2265 332 2310 Pete
351 2263 375 2308 in
398 2263 505 2309 omnihus
525 2262 609 2309 Christi
625 2272 648 2310 et
666 2265 828 2325 Apostolorum

69 2342 201 2390 hlissionem
214 2353 241 2386 ac
253 2339 360 2399 spiritum
373 2339 447 2398 sequi.

100 2417 207 2476 Legenda
224 2428 253 2461 ex
271 2412 367 2469 Libello,
379 2413 408 2458 de
430 2413 486 2459 vitae
506 2413 681 2469 emendatione;
696 2412 784 2474 Regula
799 2414 827 2461 de

70 2491 230 2552 eleemosynis,
242 2503 296 2536 cum
315 2488 452 2541 Directorio‚
467 2501 518 2546 cap.
536 2500 629 2545 xxxrv3
644 2489 701 2535 item
719 2489 828 2536 Introdu-

70 2569 117 2615 ctio
129 2567 157 2612 ad
168 2567 188 2611 ΙΙ
200 2572 223 2611 et
231 2566 262 2611 ΙΙΙ
273 2572 364 2625 partem
374 2564 478 2611 hleditat.
489 2560 577 2608 Ludov.
588 2561 617 2607 de
627 2564 709 2610 Ponte.

93 2733 119 2780 tl)
128 2731 151 2770 ts.
159 2741 181 2769 ιι.
