1715 2908
128 173 130 176 ’
203 176 294 212 perun
321 153 487 213 unuuounoru
509 176 604 213 scxros
751 146 785 213 85
831 185 833 187 ·

25 271 77 319 dloe
89 272 239 332 deflecterent,
248 271 345 319 nolentes
354 272 449 334 proprio
461 286 500 320 seeo
510 286 575 320 aenou
586 273 646 329 duri,
657 273 704 319 ulei
713 287 787 319 conue-

25 347 76 399 niet
88 359 137 394 earne
147 347 234 408 judicio
244 348 337 395 illorum
346 361 399 409 quos
412 348 500 397 Glerristl
513 349 605 396 Domini
616 350 661 397 loco
674 349 785 396 totenes..

26 423 141 470 Caeterum
150 437 191 483 pro
202 414 339 478 reverentia,
352 438 397 484 qua
407 438 497 484 semper
507 425 610 472 Societas
620 424 692 472 coluit
703 426 786 472 Sacra-

13 499 98 554 *menti
114 498 247 544 inviolabile
259 498 360 557 sigillum
373 505 396 543 et
409 499 548 554 libertatern,
562 512 642 545 omnes
653 499 788 559 Superiores

26 572 148 630 diligenter
167 585 250 619 carere
270 573 354 618 debent
374 588 402 618 ne
416 573 454 619 vol
468 580 600 620 nostrorum
618 575 703 634 aliquis
722 579 787 618 extra

27 647 198 692 Confessionem
225 651 304 694 utatur
329 647 413 694 notitia
433 662 475 707 per
499 648 671 694 Confessionem
696 647 786 693 habita.

27 721 107 767 Ordin.
129 735 149 767 c.
171 735 194 781 y,
211 722 224 781 ᾖ
244 726 266 767 6.
284 724 342 767 Item
357 722 458 781 sigillum
476 723 560 769 secreti
574 723 686 769 naturalis
703 724 727 768 in
744 722 788 768 hac

27 796 240 843 materiacensetur
249 796 379 843 inviolabile
392 798 415 842 in
428 798 554 844 Societate.

238 1044 337 1100 DIES
374 1044 576 1100 OCTAVUS

174 1135 378 1200 HEBDOMADAE
398 1163 510 1199 PRIMAE
529 1161 648 1198 SEXTUS

342 1263 368 1291 DE
384 1262 472 1291 INFERNO

60 1354 114 1407 Oscis
134 1351 219 1411 poterit
243 1349 345 1396 debitore
372 1348 397 1393 ule
420 1348 481 1393 uobis
502 1362 551 1394 cum
577 1349 628 1407 ipae
650 1348 789 1396 devorante?

27 1429 67 1485 Is,
81 1440 155 1474 xxrn.

248 1543 250 1545 ’
307 1561 326 1606 1.
339 1560 510 1625 neorcucro.

232 1659 266 1706 De
276 1659 347 1719 poenes
359 1657 451 1717 Inferni
461 1658 486 1703 e'n
496 1671 584 1718 ponere.
653 1706 655 1709 ,

56 1763 177 1801 Prulucltune
186 1761 204 1798 I.
213 1777 239 1787 -
250 1757 351 1797 Descende
363 1758 383 1796 in
397 1756 496 1796 Internum
507 1757 584 1806 vivens,
597 1763 616 1796 et
626 1757 692 1797 locum
703 1756 793 1797 horroris

30 1816 65 1854 tihi
76 1814 139 1865 linge3
150 1819 243 1859 stupeum
253 1813 304 1859 iureis
315 1812 403 1848 ardentis
416 1813 510 1858 sulphure
520 1809 556 1861 (l).

57 1890 176 1927 Peoeludleen
190 1888 217 1924 Π.
233 1906 259 1914 -
274 1885 320 1924 Pete
336 1883 374 1921 has
390 1893 459 1933 paenas
475 1884 545 1921 intime
564 1884 721 1934 apprehendere,
737 1888 759 1922 ut
775 1883 793 1921 si

30 1943 97 1980 nrinus
107 1939 191 1989 justitiae
201 1948 256 1975 arnor
266 1942 285 1975 te
296 1937 317 1974 in
327 1934 392 1974 officio
403 1935 511 1982 contineat,
521 1935 591 1973 saltem
608 1937 704 1984 gehennoe
712 1936 793 1973 timore
826 1935 828 1937 ’

31 1998 112 2043 peccato
124 1997 142 2029 te
153 1995 250 2028 coerceat.

60 2083 175 2127 Poucron
185 2078 204 2123 Ι.
216 2102 243 2111 -
254 2076 292 2122 Est
303 2074 426 2135 applicatio
438 2086 547 2120 sensuum
556 2072 585 2119 ad
594 2073 644 2119 illas
657 2086 747 2133 poenas.
759 2074 794 2120 Ex

29 2137 132 2204 Libello:
146 2154 171 2197 l0
188 2152 280 2197 Intuere
296 2149 340 2196 loci
362 2149 481 2195 horrorem
502 2147 677 2209 sempiternum.
697 2148 793 2195 Vestam

30 2226 133 2293 specum,
152 2227 321 2275 tenebricosam
343 2223 385 2271 sub
405 2224 456 2271 luce
471 2224 579 2284 maligna,
592 2229 697 2285 stupeum
712 2225 795 2272 oroleus

30 2308 78 2367 pice
93 2311 114 2352 et
131 2304 238 2365 sculpture
255 2305 293 2363 (tl,
308 2302 429 2349 damnatos
441 2302 465 2347 in
478 2314 505 2348 eo
522 2305 638 2357 natantes,
654 2301 794 2359 seinvicem

31 2383 196 2442 discerpentes,
218 2380 354 2426 miserorum
371 2376 509 2432 foeditatem,
527 2376 642 2424 horrenda
664 2377 794 2425 daemonum

32 2456 83 2503 illos
98 2456 234 2502 terrentium
244 2460 268 2501 et
279 2453 436 2515 torquentium
448 2457 541 2513 spectra
554 2467 559 2497 :
573 2451 623 2498 heae
639 2459 693 2498 sunt
707 2452 795 2498 infero-

32 2546 83 2582 rurn
95 2536 237 2593 spectacula.

24 2687 27 2690 ·
54 2669 229 2736 eeinpunrnxj
449 2684 580 2732 (neolone
617 2660 619 2663 ⁴
650 2699 654 2706 ν
