1715 2908
204 218 330 255 succuum
348 217 517 254 3333333333
540 217 661 253 33333333
764 203 814 261 113

54 311 233 372 quidquidtdiuit
247 313 288 358 uu
300 313 349 360 Fur·
341 326 390 359 tus:
397 312 465 361 Nutu
478 312 517 360 doc
528 313 675 360 3333333333
674 313 708 394 333
718 307 811 361 corius:

52 387 143 433 Hoc
112 394 143 434 33
161 389 236 435 Gonu
193 403 336 449 perunum
348 389 386 448 33)

83 467 108 508 20
121 464 171 508 Non
184 465 259 532 333333
272 464 338 509 adest
329 468 427 523 tquam,
439 476 460 508 33
453 462 597 507 'videretur
605 463 634 508 Et
626 462 702 523 tquid
715 462 811 519 faceres,

54 550 73 582 si
86 536 150 583 3333333
162 538 270 584 videres‘?
323 533 325 535 ¹

84 616 108 657 3⁰
121 613 190 659 Disce
203 614 232 659 ab
244 613 337 673 Angelis
351 613 462 659 circumst
464 620 503 658 ant
454 611 556 658 ttibus
573 614 728 659 reverentiam
737 620 761 659 et
774 614 815 660 de-

52 689 169 733 votionem
178 703 183 741 ;
193 690 231 735 sed
243 690 356 749 majorem
366 688 436 734 debes
449 688 477 733 ad
489 692 519 741 te,
534 691 557 733 et
568 687 593 732 in
606 692 628 733 te
641 688 753 735 venienti.

85 764 110 807 4⁰
129 764 221 808 33333333
238 765 312 822 ipsum
329 764 401 808 oculis
421 763 481 817 fidei,
501 774 570 821 quam
589 760 722 821 formosum,
743 777 815 825 quam

55 837 186 892 amabilem,
199 852 268 897 333333
281 839 414 897 gloriosum.

85 914 110 957 5⁰
124 914 210 959 Audi
203 920 295 959 33333
297 920 336 960 33
339 928 390 959 em
405 913 448 968 (ut
464 913 585 959 3333333333
576 919 738 959 3333333333
741 929 805 968 3333
795 920 816 960 33

55 987 193 1034 bttuatur
204 1003 335 1049 soupuu
303 1004 343 1043 33
353 1004 378 1034 333
390 1003 422 1034 333
432 994 507 1033 uro
509 995 619 1046 ,otropo
616 988 680 1033 ’3.333
691 988 763 1035 3333333
756 1003 815 1033 33333-

56 1063 221 1109 3333333333...
244 1079 289 1109 nou
305 1064 442 1109 3333333333
409 1063 452 1107 3333
450 1063 562 1108 33333333
582 1063 619 1122 23).
631 1063 714 1108 Excita
731 1063 816 1108 famem

55 1138 123 1197 333333
135 1140 208 1184 divini
219 1139 272 1184 cibi.

87 1216 111 1256 60
123 1214 246 1258 Coeicstern
263 1214 312 1272 ejus
325 1213 476 1272 fragrantiam
492 1212 595 1272 percipe,
607 1218 631 1258 et
642 1211 680 1258 dic
693 1226 700 1258 .·
713 1211 815 1258 Currum

55 1287 80 1333 333
91 1288 180 1333 odonem
190 1295 357 1346 unquentorum
369 1294 460 1334 3333333333
470 1288 507 1345 33).
537 1314 546 1330 2

85 1364 111 1407 7⁰
126 1364 242 1422 Praegnsta
255 1364 395 1410 suavitatem
408 1364 457 1422 3333
469 1362 817 1422 incredibilem,,desiderabilem

57 1450 168 1497 supero
136 1439 210 1485 33333
189 1438 314 1498 3333333333
309 1439 345 1497 33)

88 1514 145 1560 Vide
158 1515 268 1574 quidtr
226 1515 268 1560 tibi
279 1514 409 1560 faciendum
428 1513 583 1568 incumbat
586 1512 672 1558 tilium
684 1513 760 1574 digne,
776 1515 818 1560 de-

58 1596 111 1635 cent
113 1603 183 1649 enque
196 1591 309 1648 recipias·
323 1589 417 1646 munda,
432 1602 489 1634 orna
500 1569 621 1644 omnia,et
598 1589 676 1635 edic
690 1602 742 1634 cum
758 1590 819 1635 Cen-

59 1664 150 1709 turione
172 1679 177 1708 :
197 1664 301 1718 Domine,
314 1678 360 1709 uou
376 1677 425 1708 sum
439 1662 528 1723 dipuur
548 1669 575 1709 ut
594 1663 666 1709 3333333
681 1664 720 1709 sub
739 1671 819 1711 33333333

58 1753 143 1796 33333333·
154 1739 191 1784 sod
211 1745 299 1785 3333333333
308 1739 354 1792 ¹dio
373 1738 446 1793 uerbo,
461 1743 482 1785 ot
495 1737 615 1797 3333333333
627 1733 767 1786 3333333333
779 1741 817 1800 35).

88 1815 204 1861 Ρ3333333
222 1816 292 1878 33-
305 1813 388 1860 Recole
407 1827 517 1873 personas
535 1827 588 1874 quae
603 1814 679 1867 ipsum
697 1815 818 1860 mortalem

59 1897 217 1951 susceperunt,
238 1896 278 1935 aut
297 1890 318 1936 ei
336 1890 556 1950 appropinquarunt,
577 1903 703 1950 eorumque
723 1892 819 1937 affectus

59 1966 138 2011 indue.
157 1966 317 2012 Beatissimarn
334 1965 452 2023 Virginem
469 1966 518 2024 ejus
535 1966 632 2011 Matrem
645 1982 650 2010 :
662 1967 718 2011 Ecce
736 1968 824 2030 333333331

23 2082 25 2085 .
61 2040 156 2086 Domuu
168 2042 230 2100 36)
234 2054 332 2087 oannem
348 2041 426 2099 Bap
428 2047 476 2086 tam
496 2040 519 2085 in
537 2055 551 2084 n
553 2047 602 2085 ero
623 2040 772 2095 exultantem,
796 2050 818 2089 et

61 2121 113 2175 post
105 2116 263 2162 tdiccntem:
278 2116 380 2170 Domiue,
399 2115 461 2160 3333333
480 2120 533 2162 ute
550 2106 707 2175 baptizarunt
697 2122 743 2164 ttu
758 2119 821 2164 333333

61 2192 90 2236 od
101 2193 166 2250 333337
169 2195 183 2250 ).
197 2193 278 2238 Pastor
280 2205 305 2238 es
324 2197 347 2236 33
363 2192 441 2250 Magos
454 2205 506 2236 euni
526 2191 550 2236 in
558 2191 676 2251 praesepio
698 2193 795 2240 adorant
786 2199 822 2240 tes

61 2280 113 2312 oum
123 2266 271 2323 muneribus;
283 2267 411 2312 Simeonem
422 2272 445 2311 33
458 2269 548 2312 Annam
558 2266 581 2311 in
594 2265 680 2326 templo
691 2268 822 2328 suscipien-

62 2347 105 2397 tes,
120 2343 214 2387 Petrum
232 2344 255 2386 in
274 2341 368 2402 copiosa
390 2341 516 2400 piscatione
540 2341 655 2405 dicentem
670 2356 675 2386 :
688 2342 737 2389 uu
752 2356 820 2397 orno,

63 2416 117 2475 quio
126 2417 188 2462 tomo
204 2421 309 2476 pooootor
327 2429 384 2471 333333,
396 2415 490 2463 Domine
503 2416 541 2476 38).
557 2416 674 2464 Thomam·
688 2416 823 2465 exclaman-

85 2597 111 2641 33)
120 2596 187 2632 datin.
195 2605 246 2632 xxm.
477 2597 504 2642 (5)
512 2593 580 2634 Maeui
587 2608 628 2633 3333.
689 2603 690 2606 ’

85 2641 104 2685 32
121 2641 174 2677 Joan.
183 2650 210 2677 33.
478 2642 504 2686 36)
512 2641 558 2678 Luc.
566 2652 588 2678 11.

86 2686 105 2729 33
121 2686 191 2724 cantic.
200 2695 217 2723 3.
477 2687 504 2732 37)
512 2686 580 2723 Matth
587 2696 618 2723 111.

89 2730 116 2776 33)
124 2731 192 2770 Psalm.
203 2738 253 2769 xum.
479 2730 505 2778 38)
513 2731 558 2772 Luc
566 2741 585 2768 3.
