1715 2908
51 192 99 240 188
284 205 339 239 utus
358 205 467 239 uuoruus
487 206 571 240 nouus

49 303 106 360 Reg.
116 304 129 346 6
141 303 228 346 Gomm.
237 301 317 359 jussus
329 309 407 347 aulem
419 301 517 346 libenter
534 294 609 347 fauere
626 302 694 347 debet
707 303 735 348 ad
749 315 805 363 pro-

49 378 123 436 priam
136 376 171 420 sui
182 374 365 434 abnegationem,
382 390 409 420 ex
420 375 433 435 ξ
445 379 457 422 2
468 376 583 421 Summar.

79 452 117 497 IV.
126 476 152 483 —
163 450 264 495 Externa
275 450 343 496 simul
353 450 489 496 humilitatis
502 457 525 496 et
535 451 656 497 charitatis
668 451 743 498 officia
755 452 806 497 haee

49 534 102 571 sunt
115 539 122 585 J

79 602 104 644 l0
116 600 230 658 Pauperes
242 605 265 644 et
283 612 366 658 pueros
382 598 470 645 ooelesti
482 600 587 645 doctrina
599 599 714 645 instruere
724 601 753 646 ad
764 601 805 658 ja-

49 687 118 720 nuam
131 673 232 732 Collegit
245 673 268 718 iu
282 674 398 733 compitis,
409 674 433 718 iu
450 673 565 733 hospitali,
580 681 602 719 et
619 675 641 719 in
656 675 753 733 privatis
763 688 804 719 eo-

48 763 99 795 rum
112 748 226 797 domibus.
732 733 734 736 ’

79 829 103 871 2⁰
115 824 214 869 Visitare
226 836 338 882 pauperes
351 830 374 868 et
388 823 489 868 infirmos
508 824 529 867 in
542 823 691 869 xenodochiis
703 829 726 869 el
740 838 803 871 noso·

48 900 136 953 eurulis,
152 898 174 942 in
184 898 290 955 tuguriis,
304 898 384 956 eisque
396 898 418 941 in
435 897 594 957 spiritualibus
611 906 634 944 et
647 898 804 958 corporalibus

47 977 165 1027 inservire⁷
184 974 268 1032 stipem
286 973 332 1019 illis
349 972 495 1027 distribuere,
512 986 551 1018 eos
569 973 660 1031 docere,
679 975 801 1031 consolari,

47 1050 182 1096 confitentes
195 1049 283 1103 audire,
296 1054 340 1093 eto.

78 1129 103 1170 30
115 1123 203 1171 Similia
213 1136 319 1169 exeruere
330 1134 384 1179 erga
399 1121 484 1167 milites
495 1123 518 1167 in
535 1121 652 1177 custodiis,
668 1136 723 1181 erga
736 1136 803 1182 pere-

47 1202 125 1260 grinos
137 1199 221 1244 ubivis.

78 1278 103 1321 40
112 1273 191 1334 Capite
201 1273 321 1318 damnatos
331 1270 360 1316 ad
366 1270 504 1330 supplicium
511 1283 642 1331 praeparare
655 1278 678 1317 et
687 1271 801 1318 comitari.
834 1319 835 1322 ,

77 1354 100 1396 5⁰
112 1349 254 1395 Dissideules
273 1346 430 1404 reconciliare,
446 1346 594 1393 moribundos
607 1348 698 1407 juvare,
713 1348 803 1394 miseris

46 1427 152 1474 omnibus
164 1425 280 1486 opitulari.

76 1506 131 1549 Haeo
143 1502 218 1548 onmia
237 1498 365 1546 ministeria
380 1498 503 1544 Sooietatis
520 1503 606 1544 nostrae
623 1499 690 1545 valde
708 1501 800 1561 propria

46 1585 100 1626 suut
112 1593 125 1623 a
137 1584 216 1623 sanoto
227 1576 357 1621 Fundatore
370 1573 538 1628 commendata,
550 1580 572 1617 et
582 1587 595 1618 a
606 1575 685 1633 primis
696 1577 802 1621 Patribus

47 1654 130 1700 nostris
140 1665 192 1698 oum
204 1650 357 1697 aedificatione
373 1653 491 1706 usurpata,
504 1648 528 1692 in
543 1647 627 1706 quibus
646 1649 721 1695 eluuet
740 1663 801 1710 prae-

46 1730 112 1788 cipue
122 1727 224 1772 charitas
235 1731 257 1769 el
268 1724 330 1769 zelus
341 1721 477 1768 animarum.

211 1980 293 2035 DIES
322 1978 482 2032 DECIMUS
507 1977 633 2033 NONUS
701 2038 705 2050 ι

164 2103 317 2141 secuturum
344 2100 547 2137 Hunnomnum
574 2100 678 2137 Nouus
700 2047 702 2049 η

265 2203 363 2233 VIRTUTES
379 2202 507 2231 APOSTOLICAE
518 2203 543 2230 AD
555 2201 578 2229 SE

76 2294 155 2351 Vulpes
169 2292 243 2350 feneus
259 2291 347 2343 boboni,
361 2295 382 2334 et
396 2291 495 2334 volueres
512 2288 560 2334 uoeli
576 2288 651 2342 ltiulos;
665 2289 741 2333 Filius
754 2301 798 2333 uo-

43 2374 86 2414 tum
99 2368 195 2412 ltouaiols
206 2381 251 2411 liett-
262 2365 326 2411 lubet
339 2363 377 2409 uti
394 2371 461 2424 eaput
473 2364 573 2409 retituet.
584 2362 665 2408 itaut.
677 2377 729 2409 vtn.

316 2528 332 2573 t.
350 2509 523 2573 numatam.

255 2619 288 2665 Do
302 2623 437 2678 ptuupettute
452 2616 581 2677 apostoliea.

70 2715 191 2754 Proludium
201 2714 218 2752 l.
227 2713 307 2752 -Haeo
318 2711 362 2763 ipsa
373 2710 434 2751 verba
444 2709 490 2750 audi
501 2721 512 2749 a
522 2709 606 2751 Christo.
