1715 2908
57 90 106 140 112
337 106 393 141 mres
425 79 535 142 numnius

55 197 188 261 indocilem,
203 200 378 263 merito‘eji'cere
390 209 413 248 et
425 202 546 262 expellere,
558 209 582 247 ot
597 209 630 248 tot
643 202 700 248 alios
713 202 819 248 meliores

56 274 111 319 lein
125 275 263 320 Societatem
277 283 362 332 tecum,
376 282 430 323 ante
446 284 469 323 ct
481 282 566 337 postte
583 277 708 334 admissos3
722 278 761 322 sed
777 277 819 323 hu-

57 356 139 396 ctenus
150 351 264 411 patienter
275 352 393 397 sustinuit.

87 431 113 473 2⁰
124 427 196 483 Quem
208 426 297 472 tamdiu
309 443 351 489 per
365 435 399 474 tot
411 428 523 487 exempla,
538 429 631 480 lumina,
646 427 816 487 inspirationes,

58 506 106 546 tam
120 501 218 547 sollicite
237 508 260 547 et
279 509 327 548 tam
347 504 433 548 frustra
453 504 568 558 invitavit,
582 504 707 549 etiamnum
723 507 746 547 et
762 516 818 562 pos·

57 581 131 621 tremo
142 590 227 622 vocare
240 576 349 635 dignatur
357 591 398 638 per
409 577 459 623 haec
472 577 587 623 Exercitin
598 564 714 639 menstrua
724 582 747 621 et
761 575 817 621 ulti-

57 664 117 695 mam
128 650 301 704 Probationern;
314 652 429 712 fidemque
446 653 515 697 toties
533 652 577 696 sibi
595 652 681 703 datam,
693 650 819 712 perfectio-

58 739 109 770 nem
122 727 189 770 toties
202 727 348 785 promissam,
360 740 402 787 pro
414 740 455 772 sno
463 728 515 784 jure
527 726 598 784 exigit
609 733 632 770 et
643 727 750 784 reposcit.

87 804 113 845 30
124 801 190 846 Nunc
203 801 273 859 igitur
292 801 392 855 tandem,
408 814 490 858 magno
507 801 584 844 animo
603 809 673 859 etque
690 800 816 854 voluntate,

58 882 80 920 tc
91 875 123 919 illi
139 880 212 921 totum
225 876 299 928 trade,
313 884 335 921 et
349 876 408 921 omni
431 875 621 934 tergiversatione
634 874 733 934 abjecte,
748 889 816 935 quam

57 952 160 1011 proxime
171 957 194 996 et
205 964 276 1012 quam
289 951 454 1010 perfectissime
473 965 582 1010 sequere3
595 952 691 1010 ejusque
703 952 817 1009 cognitio-

57 1040 117 1082 nem,
131 1039 238 1080 amorem,
253 1026 405 1071 imitationem
418 1027 452 1071 sic
464 1039 528 1078 cura,
541 1033 566 1072 ut
579 1027 661 1071 merito
676 1026 753 1089 dicere
764 1039 818 1086 pos-

57 1102 89 1148 sis
104 1116 109 1145 :
126 1101 189 1156 Vico,
197 1101 246 1160 jorn
264 1115 308 1146 iton
324 1103 369 1159 epo,
381 1101 439 1146 vivit
456 1100 523 1145 lom
534 1101 639 1146 Cltristus
651 1101 689 1159 (ll.

88 1177 233 1236 Colloquium
244 1190 272 1221 ex
284 1176 461 1237 intimoaffcctu
472 1189 580 1234 percursa
593 1183 699 1221 votorum
710 1175 816 1241 formula,

58 1260 98 1298 out
111 1252 165 1298 alia.

87 1326 166 1373 Lectio
177 1340 205 1372 ex
214 1324 301 1372 Libello
312 1331 336 1371 et
348 1325 477 1371 Directorio
494 1325 522 1370 de
539 1325 640 1371 secunda
655 1325 817 1381 Hebdonrade3

57 1416 86 1448 ex
97 1401 207 1457 Gentilem
218 1401 247 1446 de
258 1400 422 1461 procuratione
433 1400 513 1458 gloriae
524 1401 565 1445 Dei
576 1400 616 1457 3de
624 1400 711 1446 Imitat.
724 1400 817 1456 Christi,

58 1478 98 1524 lib.
112 1479 140 1533 ll,
155 1491 207 1537 cap.
221 1491 238 1532 ι,
250 1490 283 1522 vn
296 1483 319 1522 et
328 1489 382 1522 vin.
734 1472 735 1475 ’

325 1645 363 1689 lll.
382 1643 551 1705 llEDlTATIO.

57 1747 91 1794 De
105 1744 250 1793 Surtclissimo
265 1742 419 1790 Erulwristire
430 1742 583 1795 Saccumum,
592 1747 619 1787 ul
630 1741 819 1789 reconciliationis

208 1820 364 1879 complemento
376 1825 398 1864 et
410 1818 464 1864 ville
479 1832 541 1863 nooce
554 1816 667 1862 aliiuento.
715 1833 717 1837 ·

85 1903 206 1960 Proelodium
216 1922 233 1958 I.
245 1939 270 1948 -
281 1918 342 1969 Finge
352 1924 371 1956 te
382 1917 406 1956 ad
417 1918 479 1956 altore
491 1916 585 1955 accedere
598 1927 655 1955 sacra
668 1915 774 1965 lecturum,
787 1921 820 1955 aul

59 1978 210 2024 percepturum
222 1977 241 2010 et
257 1972 362 2011 Dominum
374 1970 494 2021 Angelorum
506 1969 597 2007 millibus
607 1970 700 2018 stipatum
710 1980 720 2007 e
733 1970 785 2008 Coelo
796 1969 821 2008 ad

59 2033 78 2066 te
89 2026 216 2066 descendere.

87 2103 208 2139 Proeludinm
218 2102 245 2139 ΙΙ.
259 2120 284 2128 -
296 2100 342 2138 Pete
354 2097 418 2137 viuarn
429 2097 489 2146 hujus
504 2096 593 2148 llysterii
605 2095 795 2148 apprehensionem
803 2099 823 2134 et

60 2153 150 2194 intimam
161 2152 300 2199 reverentiam,
312 2157 331 2190 et
343 2150 474 2190 devotionem.
594 2158 598 2161 ’

71 2273 73 2275 >
93 2246 208 2290 Poucrunr
224 2243 292 2287 1..-
316 2240 434 2286 Viraoiter
456 2236 602 2299 apprehende
623 2237 661 2283 hio
683 2243 821 2298 praesentem

62 2320 180 2369 Christum
192 2318 266 2362 Deum
279 2321 302 2361 et
314 2315 438 2359 hominem.

93 2396 118 2439 l⁰
132 2393 190 2441 Viva
211 2391 264 2444 fide,
279 2403 348 2451 quam
371 2389 489 2440 excitabis,
510 2389 548 2434 dic
568 2386 619 2432 illi:
642 2386 714 2439 Visus,
736 2391 820 2445 postus,
844 2408 846 2413 ·

63 2476 136 2519 tactus
148 2468 175 2513 lu
190 2473 210 2512 te
228 2464 334 2525 follitum·
346 2464 384 2510 sed
400 2464 480 2510 ouilitu
494 2464 538 2509 solo
558 2468 607 2508 tuto
627 2461 737 2507 creditur.
751 2460 829 2507 Credo.

91 2628 117 2674 (l)
125 2626 186 2663 Galat.
194 2635 214 2663 n.
