1715 2908
75 132 140 186 '304
281 147 355 185 ‘mes
372 148 528 185 reionstuus
545 116 642 184 enimus

89 243 275 290 benedictionem
292 250 315 290 et
327 246 444 307 propriam
462 245 656 306 cooperationem,
671 245 745 291 cundo
764 246 792 292 de
804 247 850 292 vir-

90 326 139 365 tute
153 320 175 364 in
187 319 310 375 virtutem,
323 321 395 366 donec
411 320 505 366 tandem
523 321 643 366 videamus
662 314 735 366 Deam
754 320 849 367 deornm

90 397 114 441 in
124 396 176 442 Sion
189 408 229 454 per
241 395 347 441 intimam
361 396 468 441 unionem
479 403 502 441 et
515 395 690 441 beatitudinem.

120 469 273 530 Colloquium.
295 471 368 516 Trete
388 485 427 515 uos
444 476 494 530 post
513 477 542 525 te,
563 472 667 525 Domine,
688 484 805 517 curremus
828 471 851 516 ut

89 546 179 591 odorem
191 551 359 604 unquentorum
372 552 463 591 tuor-um
472 546 510 603 ii).

363 693 390 739 ΙΙ.
409 691 580 739 ttEDtTnTto.

276 791 379 836 Glorioso
396 790 482 836 Citrustt'
499 790 546 834 nito
562 790 588 833 iu
603 785 670 836 Coelo.
738 848 740 852 Α

116 891 235 928 Proeludtum
246 892 263 927 1.
274 909 301 917 —
313 888 382 937 Specta
393 887 492 926 Christum
506 886 606 926 sedentem
621 898 632 925 a
645 887 719 925 dextris
729 881 772 926 bei.

116 965 236 1001 Protudtum
244 964 272 1001 Π.
282 981 307 989 -
316 963 362 1000 Pete
371 962 413 1010 eJus
423 960 540 1000 felicitatem
550 972 616 1009 nosse,
626 966 645 999 et
652 961 779 1011 participare.

117 1052 232 1096 Puuoruii
243 1050 261 1094 Ι.
274 1074 305 1082 -
317 1049 422 1095 Christus
433 1050 458 1094 in
468 1049 527 1095 coeio
544 1062 584 1108 pro
601 1050 682 1095 merito
697 1049 849 1108 gioritcams.

118 1125 219 1181 ianod
238 1125 307 1169 morti
327 1124 445 1182 proximus
466 1124 565 1177 dixerat,
578 1123 622 1168 hoc
638 1124 700 1168 idem
721 1125 745 1169 in
766 1125 850 1169 ctebnn

88 1199 220 1258 ingrediens
233 1198 326 1243 iteravit
342 1211 346 1240 z
361 1199 437 1255 Pater,
451 1210 506 1257 opus
524 1198 677 1243 consummaui
694 1197 752 1259 qttod
770 1198 850 1244 dedisti

87 1274 150 1328 tratti,
166 1280 193 1321 ut
203 1272 309 1333 furerem.
324 1273 355 1319 ut
367 1287 427 1318 rtttuc
445 1272 547 1332 clarifico
564 1287 597 1318 tue
610 1279 635 1319 tu
655 1273 769 1328 clot’itote,
784 1288 850 1334 quom

46 1405 49 1411 ἱ
87 1350 155 1396 trotut
168 1354 304 1409 priusquam
316 1349 413 1395 muudus
425 1354 488 1402 esset,
500 1349 561 1407 upttd
573 1349 643 1408 teti).

117 1430 143 1474 20
165 1428 240 1480 Pater,
257 1425 363 1484 petitioni
388 1425 546 1483 acquiescens,
567 1424 687 1484 respondit
706 1426 774 1483 Juxta
793 1427 851 1472 Pro-

88 1503 189 1563 phetiam
205 1501 289 1547 Psaitis
302 1516 307 1545 :
321 1500 374 1545 Sede
393 1515 406 1544 u
423 1499 508 1545 deutrus
527 1499 596 1555 tuet‘s;
609 1506 631 1546 et
648 1514 729 1552 portum
747 1501 854 1564 t'uiuu'cos¹

87 1586 137 1626 tuos
154 1578 193 1623 sub
205 1576 296 1636 pedibus
311 1575 358 1621 tuis
367 1577 409 1635 (3);
422 1576 492 1636 idque
510 1575 673 1635 plaudentibus
691 1577 785 1635 Angeiis
799 1591 849 1623 om-

87 1655 162 1708 nibus,
188 1659 211 1698 et
234 1651 385 1698 adorantibus
407 1665 460 1697 eum
486 1650 677 1711 epiphonemate3
703 1651 791 1712 Dt'puus
819 1660 850 1701 est

87 1734 175 1789 opnor,
187 1733 227 1774 ete.
240 1727 276 1785 (4).

117 1807 142 1849 30
152 1804 186 1848 Ex
197 1808 253 1847 tnnc
263 1801 374 1846 Dominus
384 1801 450 1846 iesus
461 1801 547 1847 sedeta
559 1800 648 1846 dextris
661 1801 711 1856 Dei,
721 1802 848 1848 secundnm

86 1878 263 1931 humanitatem,
282 1876 385 1922 elevatos
400 1889 468 1935 super
487 1888 579 1921 omnem
595 1876 689 1921 omnino
707 1882 847 1933 creaturam,

86 1955 149 2001 iilius
165 1951 243 2013 piorum
254 1951 350 1998 sociatus
366 1951 391 1996 iu
404 1952 494 2006 tbrouo,
507 1951 571 2011 euius
591 1956 682 1998 uuturte
700 1951 849 2012 copulabatur

86 2032 112 2077 iu
126 2029 174 2089 pitto
194 2029 232 2088 (tt.
248 2027 325 2083 Sedet,
347 2028 449 2086 inquam,
470 2026 498 2072 ad
518 2030 653 2086 perpetuam
673 2028 776 2086 quietem
799 2037 848 2088 post

86 2106 197 2159 laborem,
211 2103 240 2150 ad
251 2102 411 2162 imperandum
424 2108 446 2147 et
457 2101 618 2160 judicandum.
638 2101 732 2148 Gratias
747 2117 789 2162 age
802 2106 849 2151 Deo

87 2181 157 2235 Patri,
176 2178 267 2225 Christo
283 2177 379 2222 Domino
394 2177 521 2235 gratulare
539 2176 614 2236 ipsum
631 2182 657 2222 ut
673 2177 747 2223 Deum
765 2179 848 2236 adora,

88 2268 193 2301 reverere
206 2258 231 2299 ut
249 2252 337 2311 Regem
354 2266 447 2311 regum3
462 2252 517 2297 time
532 2257 557 2297 ut
574 2251 679 2297 iudicem
700 2252 806 2299 vivorum
826 2260 850 2300 et

88 2334 238 2376 mortuorum.

117 2407 232 2450 Punctum
243 2403 272 2447 ΙΙ.
287 2426 313 2435 -
330 2401 434 2447 Christus
446 2402 469 2445 in
481 2400 539 2446 coelo
553 2399 618 2445 nobis
637 2401 707 2447 etiam
724 2402 847 2462 proficuus.

112 2570 137 2612 (ti
147 2566 219 2601 Contio.
228 2575 241 2601 i.
302 2544 314 2548 „
504 2563 530 2608 (t)
538 2563 614 2608 apocal.
624 2573 644 2599 u.

109 2613 136 2656 (2)
147 2613 202 2647 donn.
214 2620 260 2645 nuit.
504 2607 558 2653 (att.
568 2607 627 2644 Leon.

110 2659 136 2705 (3)
145 2656 213 2692 Psatm.
223 2665 259 2693 cix.
