1715 2908
196 191 310 232 cunnum
327 192 496 228 ununounnm
524 193 630 229 onorius
743 178 794 228 307

34 286 139 334 omnihus
157 287 235 335 divino
260 288 403 348 heneplacito
428 276 638 349 acquiescentibus
656 289 699 336 Hic
719 290 796 337 recole

35 376 114 410 ornnes
124 368 149 409 et
158 363 261 422 singulas
272 363 390 410 electionis
400 364 509 424 Regulos.

64 440 102 485 lll.
114 439 212 485 llathias
221 440 324 486 delatum
334 441 377 486 sihi
388 440 499 486 honorem
506 446 673 501 acceptatcum
682 439 797 488 modestia

35 521 58 559 11
69 515 118 561 sine
131 515 221 560 timore.
235 516 327 575 loseph,
341 518 380 577 qui
399 516 605 576 cognominabatur
615 519 703 575 iustus,
719 515 797 577 repul-

35 605 85 637 sam
97 604 187 651 passus,
201 591 288 637 necilli
306 591 403 649 inuidet,
417 605 461 638 nec
477 592 553 640 animo
566 593 682 653 dejicitur.
696 594 725 640 Et
737 593 798 640 tuin

35 667 105 711 simili
116 667 153 713 lac
165 666 280 712 similiter.

26 745 28 748 “
65 741 218 802 Colloquium.
232 744 286 788 Pete
297 744 320 788 11
330 744 366 788 his
378 742 485 789 omnibus
503 755 596 790 sacrum
612 743 657 790 hoc
668 743 797 804 Collegium

35 817 130 862 imitari.

64 892 144 937 Lectio
156 891 185 937 de
195 904 246 951 cap.
258 905 267 938 1
278 894 378 937 Actuurn
387 891 560 951 Apostolorum.
579 891 581 894 ⁴

65 968 125 1024 Lege
136 980 164 1011 ex
174 965 214 1010 lib.
224 967 255 1012 ΙΙΙ
273 967 301 1011 de
317 966 449 1012 Imitatione
467 966 562 1025 Christi,
574 980 625 1027 cap.
643 980 697 1022 viu,
711 968 740 1014 de
756 968 797 1012 vili

35 1039 190 1085 aestimatione
202 1040 320 1100 suiipsius
331 1040 355 1084 in
366 1039 438 1086 oculis
448 1041 503 1097 Dei;
514 1054 566 1101 cap.
589 1056 623 1098 1x,
647 1041 710 1101 qnod
720 1042 797 1088 omnia

36 1115 65 1160 ad
77 1115 151 1159 Deum
163 1115 223 1159 sicut
232 1113 262 1159 ad
273 1115 342 1159 finem
350 1113 458 1159 ultimum
470 1120 524 1160 sunt
534 1114 664 1161 referenda.

250 1279 340 1324 XXXI.
355 1279 579 1326 CONSIDERATlO.

65 1387 99 1434 De
114 1385 228 1432 deuotione
244 1398 298 1445 erpo
313 1384 483 1432 Sanctissimam
502 1384 618 1444 Vtrploetu
634 1385 767 1446 Deipurntu.

65 1492 83 1538 Ι.
102 1517 132 1526 -
151 1489 249 1537 Deuotio
269 1490 293 1535 in
311 1503 403 1549 genere,
417 1503 445 1535 ex
463 1490 516 1536 divo
533 1490 628 1545 Thorna,
642 1495 665 1537 2.
677 1494 699 1538 2.
713 1499 798 1551 quaest.

35 1572 71 1624 81,
83 1582 105 1614 a.
117 1570 140 1623 2,
151 1571 186 1612 est
197 1556 636 1626 1111111111111111111111111111111111
645 1579 668 1612 se
677 1565 707 1611 od
717 1580 743 1611 eo
752 1580 800 1625 quo

33 1642 150 1704 portinent
161 1641 243 1687 udDet'
254 1639 400 1700 forentium.
414 1641 469 1687 Haec
482 1645 561 1687 autern
580 1641 740 1702 promptitudo
755 1655 800 1687 vo-

35 1718 131 1764 luntatis
142 1717 215 1762 oritur
229 1729 258 1762 ex
267 1715 390 1773 charitate,
404 1721 428 1761 11
444 1720 506 1762 stare
524 1729 571 1762 uon
584 1722 662 1776 potest
684 1728 738 1762 curn
756 1728 799 1762 uo-

36 1794 124 1839 luntate
134 1791 255 1854 peccandi.
266 1790 332 1838 Unde
345 1791 437 1837 deuotio
454 1805 509 1851 erga
519 1792 616 1837 Beatam
633 1791 753 1850 Virginem
765 1795 801 1837 est

35 1866 156 1928 dispositio
167 1866 244 1913 cordis
255 1870 278 1912 et
288 1865 447 1926 promptitudo
460 1866 588 1912 voluntatis
599 1867 629 1914 ad
646 1866 709 1911 illam
724 1865 800 1911 hono-

35 1943 140 1998 randam,
155 1942 222 2002 eique
240 1941 317 1986 debito
337 1946 359 1986 et
377 1941 464 2001 placito
483 1941 551 2006 modo
566 1942 722 1988 serviendum.
738 1940 799 1987 Ora-

36 2019 110 2065 tiones
122 2024 209 2073 autem‚
218 2016 379 2077 eleemosynae,
385 2016 475 2075 jejunia
486 2015 573 2071 oblata,
581 2030 628 2062 non
639 2022 694 2062 sunt
707 2016 801 2062 devotio

36 2107 90 2153 erga
101 2094 188 2152 ipsam;
201 2092 242 2138 sed
259 2096 354 2151 possunt
367 2103 417 2136 esse
426 2090 511 2136 *media
529 2090 558 2136 ad
570 2090 641 2146 illam,
652 2089 689 2135 vel
704 2091 801 2137 effectus

36 2169 98 2214 illius
111 2181 164 2227 quae
182 2181 227 2213 non
238 2173 315 2226 potest
329 2172 391 2212 stare
403 2178 455 2211 cnm
467 2165 587 2212 voluntate
598 2166 765 2226 perseverandi
777 2167 802 2212 in
852 2210 854 2212 .

36 2238 141 2304 peccato.
154 2241 266 2302 Adeoque
277 2242 300 2287 in
313 2241 341 2290 iis
355 2241 395 2300 qui
411 2253 456 2285 non
475 2242 609 2286 renuntiant
624 2245 730 2300 peccato,
741 2241 801 2287 tales

36 2324 98 2364 notae
121 2321 174 2362 sunt
194 2330 279 2362 eurum
302 2315 328 2361 t'o
350 2315 502 2375 sterquilinio,
525 2321 551 2359 ut
576 2315 660 2361 dicitur
684 2315 800 2362 Ezechiel.

34 2408 84 2455 cap.
97 2405 141 2438 ult.
154 2392 180 2437 In
192 2392 229 2436 his
248 2397 327 2438 autem
339 2391 379 2449 qui
397 2390 478 2436 uolunt
494 2397 518 2435 11
531 2390 665 2436 desiderant
678 2404 771 2437 cessare
789 2406 801 2437 a

35 2474 138 2529 peceato,
150 2470 226 2526 potest
242 2479 293 2512 esse
306 2466 400 2511 initium
416 2464 534 2525 quoddam
545 2465 683 2520 deuotionis,
699 2472 722 2512 et
733 2469 798 2526 quasi

34 2542 143 2606 scintilla,
156 2554 209 2600 quae
232 2541 252 2587 si
274 2541 387 2595 foveatur,
411 2544 485 2597 pariet
503 2540 645 2587 incendium.
666 2540 802 2602 Requiritur

35 2619 107 2679 igitur
120 2616 149 2661 ad
161 2614 225 2661 illam
236 2616 385 2669 desiderium,
400 2622 423 2660 et
439 2619 536 2660 conatus
552 2614 659 2660 cessandi
672 2621 802 2675 apeccato.

66 2694 95 2740 ll.
108 2718 135 2727 -
148 2691 229 2737 Omnis
241 2691 343 2748 deuotio,
356 2703 410 2738 cum
429 2690 460 2736 sit
477 2695 544 2736 actus
565 2690 691 2749 religionis
703 2690 804 2738 retertur
