1715 2908
90 136 139 189 176
304 155 360 192 urus
378 156 490 193 uncruus
513 157 638 194 snemuus

80 259 81 262 ’
114 252 144 295 90
156 250 190 294 De
203 250 287 310 quibus
302 251 457 313 loquebatur?
470 267 515 298 non
528 254 643 310 denonis,
658 260 699 301 aut
710 255 798 309 nuidis,
812 257 852 302 sed

89 324 119 370 de
130 339 199 382 regno
212 326 254 371 Dei
266 332 290 372 et
298 330 391 386 Justitia
405 330 461 386 rjus.

119 402 145 444 30
158 398 218 457 Quid
231 399 330 447 libenter
339 402 467 457 audiebat?
483 417 510 448 an
523 403 593 458 mala,
609 408 649 449 aut
661 404 773 464 proximis
786 405 852 451 noxia

88 471 133 519 sibi
143 473 236 520 obtrudi
246 489 328 535 passus
341 476 418 522 esset?

119 547 341 608 monumnenta,
360 551 545 606 mansuetudine,
558 551 680 607 charitate,
695 551 799 598 delectus
814 566 852 598 se-

88 635 129 667 cus
148 623 266 682 agentium
286 623 411 670 tolerabat!
427 638 472 685 qua
489 625 642 684 benignitate,
662 624 700 669 ubi
718 638 776 684 opus
793 630 850 681 erat,

88 695 235 755 corrigebat!

118 773 143 815 5⁰
157 771 207 829 Qua
217 773 339 831 modestia,
352 773 496 830 affabilitate,
509 774 634 830 suavitate,
644 786 724 819 omnes
733 773 762 819 ad
774 787 799 820 se
810 778 851 821 tra·

87 845 165 902 hebet,
180 854 203 892 et
215 846 388 893 lucrifaciebat!

118 924 143 965 60
155 922 251 982 Semper
262 923 345 978 serius,
360 936 478 983 nunquam
490 934 515 967 se
524 921 547 967 in
558 924 625 982 jocos
635 922 781 980 effundebat,
792 923 852 970 unde

88 995 173 1055 pluries
190 996 290 1053 flevisse,
305 1011 422 1060 nunquam
436 997 514 1043 risisse
532 997 638 1056 legimus.
658 999 705 1044 Has
720 997 783 1057 leges
801 1012 851 1047 ama

87 1075 110 1116 et
123 1085 229 1131 sequere.

116 1146 232 1193 Puucuuu
242 1148 281 1192 lll.
293 1171 320 1180 -
334 1146 390 1204 Quis
402 1147 499 1206 spiritus
511 1146 694 1191 conuersationis
706 1145 808 1192 Christi‘.l

117 1223 143 1265 l0
161 1223 285 1281 Nunquam
302 1221 485 1282 colloquebatur,
500 1221 585 1266 nisiex
601 1221 729 1268 intentione
749 1227 814 1268 recta
829 1228 850 1267 et

87 1309 144 1357 pura
157 1296 237 1355 gloriae
249 1298 300 1342 Dei.
561 1294 562 1298 ’

116 1375 142 1419 20
164 1372 198 1417 Ex
220 1371 268 1418 solo
291 1372 367 1418 Patris
387 1371 533 1432 beneplacito
558 1370 699 1431 colloquium
718 1371 846 1428 inchoabat,

85 1437 278 1508 prosequebatur,
291 1447 453 1508 abrumpebat.

115 1526 140 1568 30
153 1522 191 1571 Sic
203 1523 287 1583 agebat
300 1537 353 1570 curn
366 1523 505 1579 bominibus,
521 1527 546 1568 ut
562 1522 610 1568 Deo
625 1534 717 1582 semper
732 1529 755 1569 et
768 1523 848 1584 praeci-

85 1613 129 1658 pue
141 1612 243 1660 praesens
253 1603 323 1645 esset.

115 1677 140 1720 40
152 1676 190 1722 Sic
202 1675 246 1721 sibi
259 1673 403 1728 attendebat,
422 1680 447 1719 ut
468 1672 497 1718 ab
517 1672 620 1718 oninium
638 1672 728 1720 insidiis
745 1674 846 1735 dolisque

84 1755 186 1796 caueret.
199 1749 259 1804 Qutrt
270 1763 304 1795 ore
317 1747 418 1801 tentatis,
430 1746 552 1806 hypocritae
565 1747 606 1806 (ru

114 1826 139 1868 5⁰
154 1825 192 1871 Sic
210 1825 239 1869 iis
256 1824 396 1885 quibuscum
413 1822 503 1881 agebat,
525 1826 551 1867 ut
568 1821 710 1880 singulorum
723 1824 815 1882 ingenio
826 1829 845 1868 rt

83 1899 216 1945 necessitati
228 1898 263 1944 vol
276 1897 372 1944 utilitati
380 1910 431 1943 sese
443 1896 637 1953 accommodaret,
650 1897 762 1958 fieretque
773 1897 845 1943 omnia

83 1974 198 2020 erunibus.
778 1962 781 1967 ¹

112 2048 207 2110 Hicciue
227 2054 262 2093 est.
281 2047 377 2107 spiritus
394 2046 465 2092 tuus?
477 2045 530 2092 vide
549 2046 630 2106 inquo
650 2044 753 2103 deficias,
771 2053 795 2093 et
805 2045 844 2091 boo

82 2124 180 2170 emenda
189 2124 218 2169 ad
230 2122 356 2181 exemplar.

112 2199 264 2259 Colloquium.
278 2198 333 2242 Pete
350 2210 363 2242 a
374 2195 465 2243 Christo
477 2200 582 2242 sanctam
594 2201 617 2241 et
630 2196 782 2256 apostolicam
792 2207 844 2242 con·

82 2273 247 2318 versationem,
834 2277 837 2282 '

113 2348 172 2405 Lege
182 2346 283 2406 Regulos
291 2345 319 2390 de
327 2344 371 2390 tide
380 2343 521 2400 orthodoxa3
530 2344 677 2390 exDirector.
688 2342 739 2405 cap.
749 2351 843 2392 xxxvm

81 2417 106 2467 et
119 2422 216 2481 reliqua,
231 2421 260 2467 de
273 2420 393 2465 electione.

112 2496 145 2541 Ex
158 2496 197 2541 lib.
215 2497 232 2551 l,
249 2495 278 2541 de
293 2495 380 2540 Imitat.
394 2494 488 2550 Christi,
503 2507 554 2554 cap.
568 2508 590 2551 x,
605 2495 747 2541 decoranda
764 2503 841 2553 super·

304 2657 331 2707 ll)
355 2658 422 2697 Mattb.
430 2667 475 2696 xxii.
