1715 2908
43 118 93 167 274
246 133 303 168 nius
320 133 459 169 wensinus
489 133 603 184 ocrnuos

43 231 94 289 ejus
103 228 195 285 edendi,
208 228 310 286 bibendi,
323 229 440 291 loquendi,
454 230 582 295 aspiciendi
600 231 694 278 modum
708 230 737 275 ad
752 230 807 275 imi-

43 306 149 352 tandum.
164 350 165 353 ,
832 355 835 364 ..

74 386 100 428 20
109 381 217 427 Animam
227 383 343 440 pascendo
354 381 494 441 cogitatione
503 381 601 428 vilitatis
611 381 657 427 cibi
670 380 805 433 materiatis,

44 456 187 501 excellentiae
205 456 251 501 cibi
269 457 404 516 spiritualis,
424 457 509 502 divinae
530 456 685 510 liberalitatis,
706 456 806 516 propriae

43 523 197 589 indignitatis
206 530 328 578 itemlellis
339 536 362 576 et
374 530 434 577 aceti
445 530 532 576 Christi
543 531 654 584 crucifixi,
663 530 706 576 cibi
718 544 806 589 paupe-

43 601 102 658 rum,
116 605 285 665 [renitentium.
299 605 470 652 damnatorum.
482 606 528 661 Sic,
540 606 658 653 abstracta
671 614 757 660 mente,
772 606 807 651 ci-

42 679 84 726 bus
95 682 145 741 ipse
158 687 181 728 et
197 681 307 729 vescendi
318 675 443 729 delectatio
458 695 542 743 parum
554 683 673 738 Sentietur,
690 688 712 727 et
729 682 805 728 disce-

42 772 93 805 mus
109 758 201 805 facilius
217 760 306 806 victum
318 759 442 809 moderari,
455 759 492 806 Ad
509 759 700 820 llartyrologium
719 760 807 820 gratias

43 849 85 895 age
98 836 126 883 de
139 835 213 896 gloria
224 822 371 891 Sanctorum,
383 836 515 883 confortare
525 835 549 882 in
567 842 607 882 tuo
622 835 666 883 leui
683 835 804 897 martyrio¹

42 913 169 958 Patronum
180 912 239 971 elige
250 913 275 958 in
286 901 421 972 sequentem
434 911 504 956 diem.

72 988 110 1033 IV.
126 1014 152 1020 -
164 988 219 1033 Post
229 1000 340 1041 mensam,
356 988 381 1044 lp
392 987 480 1045 gratias
493 1000 535 1045 age
553 986 582 1033 de
595 986 717 1047 multiplici
733 987 806 1033 bene-

43 1062 107 1117 lioi03
121 1067 147 1110 20
160 1064 250 1110 discute
260 1063 447 1117 haucactionem
460 1063 522 1109 etde
533 1062 663 1110 defectibus
674 1069 715 1110 aut
725 1078 806 1111 exces-

42 1139 107 1184 sibus
118 1139 283 1198 veniampete;
295 1142 320 1184 30
330 1139 435 1184 modeste
444 1139 481 1184 exi
492 1152 520 1184 ex
532 1138 645 1197 triclini03
655 1126 806 1201 tinuoquam

43 1215 137 1274 loquore
148 1219 178 1260 de
188 1214 254 1270 cibis,
267 1214 340 1260 multo
351 1214 427 1259 minus
439 1227 590 1273 conquerere.

177 1456 261 1510 nius
281 1454 479 1511 trecentus
500 1426 681 1511 ocrtuus

136 1565 292 1615 TERTIAE·
313 1564 549 1602 HEBDOMADAE
578 1566 714 1606 SEXTUS
734 1566 736 1587 ³

274 1660 341 1690 mssro
356 1660 435 1690 cnnrsrr
447 1660 469 1691 nr
483 1647 578 1691 cunnum

68 1738 138 1791 ‘nostr
158 1741 214 1789 utilit
232 1740 331 1801 gloriari
352 1739 399 1786 nisi
420 1740 445 1785 io
465 1754 530 1790 cruce
550 1740 644 1789 Dotatae·
659 1742 734 1791 popm
753 1743 807 1789 ΜΗ

44 1820 139 1866 Gln'istt.
153 1817 230 1882 Galat.
244 1827 278 1863 vl.
304 1847 306 1852 .
509 1818 511 1821 ’

321 1953 338 1997 Ι.
357 1952 528 1998 ttEDlTATItt

89 2051 92 2055 ’
123 2089 125 2093 .
208 2046 247 2096 Ec
262 2045 465 2095 Porobolosoncti
480 2050 597 2096 Bcrnordi
607 2051 646 2111 [ll.

72 2133 193 2190 Proetudtom
205 2153 256 2188 t.-
267 2149 301 2187 Sta
314 2149 340 2188 ad
355 2150 424 2199 pedem
442 2150 514 2199 erucis,
532 2155 552 2188 et
568 2156 636 2200 specta
655 2150 770 2202 tragaediam
787 2153 809 2193 in

46 2210 112 2243 monte
122 2203 217 2242 Caluariae
227 2207 335 2252 peractam.

64 2261 193 2317 'Pletoniam
201 2280 228 2317 ΙΙ.
240 2278 320 2315 -Pete
330 2287 389 2315 nosse
400 2282 419 2315 et
432 2277 507 2316 sentire
517 2275 553 2316 Dei
565 2280 585 2316 et
596 2277 669 2318 Christi
688 2282 775 2319 amorem
788 2279 809 2318 in

46 2336 73 2381 te,
84 2337 179 2383 tuamque
187 2332 208 2369 in
219 2342 253 2368 eos
263 2329 439 2379 ingreditudinem.

76 2420 192 2470 Puuorun
203 2423 221 2469 l.
236 2447 262 2466 ,-
272 2420 393 2475 Parabola.

76 2500 103 2543 lo
114 2499 154 2544 Vir
164 2493 238 2545 ,nihili
251 2503 275 2544 et
292 2497 338 2546 uile
355 2497 498 2560 mancipium
510 2503 634 2545 accusatur
651 2498 712 2559 apud
724 2499 812 2558 Regem

46 2582 73 2623 ut
84 2575 197 2636 proditor,
209 2574 355 2622 conuincitur
367 2575 513 2638 conspirasse
524 2575 553 2637 >iu
563 2576 652 2636 Regem
664 2581 687 2622 et
706 2588 812 2637 regnum⁷

70 2680 98 2727 (t)
108 2680 169 2720 Serme
177 2690 197 2718 rr
205 2679 228 2718 de
235 2664 277 2722 Nat.
286 2680 341 2719 Domi
365 2681 367 2684 ⁴
