1715 2908
178 163 281 198 saarim
298 135 467 198 maeoticam
493 163 601 203 baturus
720 149 768 198 267

11 274 54 313 rur,
65 259 130 307 totiut
148 272 236 304 crucem
247 271 312 304 suum
324 258 362 317 (i).
376 258 437 304 Audi
453 258 509 316 quid
526 272 588 304 nnnc
603 259 667 304 dicat
685 258 715 303 ad
727 260 771 304 sibi

13 334 180 393 compatientes
194 348 199 377 ι
211 333 278 379 atae
294 333 427 387 Jerusalem,
441 332 509 379 nolite
527 334 580 390 flere
597 346 666 392 super
682 346 725 386 rur,
735 333 771 378 aed

12 421 79 470 super
88 423 125 454 uos
133 409 194 469 ipsus
206 408 361 468 statuminari
373 407 482 454 urroirt'dr'
497 407 557 468 iipuo
573 409 618 455 irrue
633 408 733 469 sociarat,
747 409 771 454 ia

13 485 78 534 arido
91 484 145 545 quid
155 486 194 545 fiet
202 485 251 545 [att
262 491 285 530 ct
293 485 337 532 hoc
348 486 425 546 ipsum
437 484 479 531 tibi
491 484 578 531 dictum
590 485 654 546 puta.

42 564 158 608 Pomorum
169 562 208 607 ill.
222 588 248 595 -
259 559 389 608 crucifixio.

42 627 68 682 ib
79 636 189 683 Oblatum
201 636 346 702 myrrhatum
356 638 435 683 vinum
447 648 501 681 oum
514 634 566 681 felle
576 635 671 681 mistum
681 636 709 696 (3)
720 650 773 683 cum

14 717 136 771 gustasset,
149 716 173 757 et
188 710 314 770 respuisset
329 712 367 771 (d),
381 712 481 756 nudatur
494 724 507 756 a
524 711 678 766 carnificibus,
692 711 773 758 detra-

15 789 57 833 ctis
75 787 189 844 violenter
209 787 312 833 restibus
332 788 396 833 carni
414 785 586 833 adhaerentibus
603 787 632 832 ob
648 786 736 847 plagas,
750 792 773 832 et

14 862 102 923 pondus
112 863 196 908 crucis.
209 861 257 918 Quo
271 862 357 918 doiore,
371 862 423 922 quis
433 860 528 921 capiat?

44 942 69 983 2⁰
85 937 166 982 Nudus
182 938 206 981 in
222 950 289 982 cruce
303 951 344 996 per
361 939 407 981 vim
426 936 566 990 extenditur,
580 935 685 995 pedibus,
698 938 773 983 mani-

15 1014 102 1072 busque
114 1012 238 1071 pertraotis
254 1012 283 1057 ad
302 1012 352 1057 loca
362 1011 434 1057 clavis
446 1011 570 1056 destinata.
584 1011 632 1068 Quo
644 1012 771 1058 tormento!

44 1091 70 1132 3⁰
83 1086 165 1132 Tribus
178 1093 306 1147 quatuorve
319 1086 391 1132 clavis
410 1085 538 1132 trabalibus
557 1087 633 1145 pedes,
646 1100 774 1147 manusque

15 1163 143 1218 fodiuntur,
156 1169 180 1209 et
198 1161 330 1222 affiguntur,
348 1160 431 1208 malleo
450 1161 496 1208 aite
515 1161 613 1209 adactis.
634 1160 683 1221 Quo
704 1162 776 1209 totius

15 1240 117 1302 corporis
128 1252 205 1293 sensu,
217 1238 270 1299 quis
281 1237 411 1298 exprimat?

44 1316 79 1362 Ad
90 1315 140 1362 haec
152 1314 264 1370 Christus,
274 1322 385 1374 tanquam
398 1317 477 1374 Aquas
489 1314 527 1375 qui
537 1321 648 1374 portetur
662 1316 692 1361 ud
708 1315 775 1362 uicti-

16 1406 83 1446 mam,
97 1390 224 1438 obmutescit
236 1392 264 1450 (ὅ)
277 1397 299 1437 ct
312 1405 357 1436 aaa
368 1392 443 1451 aperit
456 1405 478 1435 os
496 1405 562 1436 aarum
575 1391 612 1450 (6),
626 1393 681 1446 imo,
699 1406 776 1451 quan-

17 1477 69 1532 tum!
81 1472 159 1528 potest
176 1471 199 1511 et
215 1467 289 1522 decet,
305 1466 430 1521 concurrit,
442 1465 516 1524 factus
534 1466 636 1512 obedieris
658 1482 726 1527 rusque
748 1461 777 1513 od

17 1555 102 1587 ortuum
114 1540 150 1605 )7).
162 1541 238 1601 Seque
248 1553 276 1585 ox
287 1540 363 1586 animo
375 1541 441 1585 offert
456 1542 485 1585 ad
498 1548 597 1586 mortem
614 1543 698 1595 crucis,
713 1547 736 1586 et
748 1543 776 1604 ad

17 1616 223 1663 consummandum
235 1615 258 1660 in
268 1614 375 1673 idoligno
390 1621 500 1675 tanquam
511 1616 535 1660 in
546 1616 614 1662 altari
627 1617 775 1662 sacrificium.
851 1673 853 1675 Ι

18 1685 79 1738 Odor
91 1698 114 1736 te
125 1692 200 1749 ipsum
208 1702 261 1735 cum
271 1689 318 1734 iiio.
753 1694 755 1697 ’

45 1768 162 1829 Pomorum
173 1764 209 1811 IV.
223 1790 250 1797 —
263 1765 342 1810 Crucis
351 1763 474 1824 plantatio.

47 1846 72 1888 t⁰
85 1843 147 1890 Crux
156 1842 179 1887 in
193 1840 265 1888 altum
286 1840 453 1896 eleimonem
470 1841 520 1887 sine
540 1840 663 1905 multipiici
679 1850 743 1889 motu
754 1852 777 1903 et

19 1932 134 1973 successu,
146 1923 169 1963 et
181 1916 409 1964 doloreuehementi.·

47 2000 73 2042 2⁰
86 1995 169 2041 Ereota
181 1994 205 2039 in
215 1999 320 2053 paratam
329 1992 414 2038 fossam
424 1992 531 2051 dejicitur
544 2006 597 2038 cum
607 1994 695 2053 ingenti
706 1995 778 2042 totius

19 2071 121 2131 corporis
133 2073 205 2123 motu,
220 2076 243 2112 et
259 2068 361 2114 omnium
375 2067 497 2113 vulnerum
513 2067 726 2116 recrudescentium
736 2085 779 2118 ru-

19 2147 273 2205 ptioneetaugmento.
670 2159 672 2162 ·

49 2224 74 2267 3⁰
86 2219 125 2267 Sic
141 2223 220 2265 manet
233 2217 287 2264 solis
306 2216 410 2277 pedibus,
429 2217 583 2279 manibusque
598 2233 732 2279 suspensus,
746 2223 780 2269 eis
799 2249 801 2251 -
825 2212 827 2217 ’

20 2299 69 2341 toto
79 2307 176 2354 corpore
186 2292 330 2346 incumbens
336 2290 429 2351 copioso
438 2291 541 2353 undique
551 2295 662 2353 sanguine
673 2310 779 2355 manans,

20 2369 81 2418 inter
98 2370 156 2416 duos
175 2368 277 2414 latrones
294 2366 384 2413 medius
401 2381 406 2411 ι
421 2366 508 2414 crudeli
528 2368 633 2430 proinde,
653 2369 781 2434 infamique

53 2551 70 2597 t)
78 2550 146 2587 Matth.
156 2558 195 2584 xvi.
435 2547 461 2592 (a
469 2548 542 2586 Psalm.
552 2559 620 2588 xxxam
627 2552 647 2589 ct
654 2560 683 2589 11.

53 2598 72 2640 ᾖ)
82 2598 126 2632 Luc.
136 2604 188 2631 xxrn.
444 2594 463 2640 6)
470 2594 495 2630 Is.
504 2605 547 2632 nur.

53 2644 72 2709 J)
80 2641 148 2678 Matth.
157 2650 214 2677 xxvii.
427 2665 428 2668 =
444 2640 463 2685 7)
470 2640 541 2687 Philip.
551 2651 572 2680 11.

43 2553 50 2597 t

44 2601 52 2687 i

45 2689 72 2732 (ψ)
80 2688 138 2723 darc.
146 2695 177 2721 xv.
