1715 2908
185 157 312 193 senonum
328 157 496 194 mnenonmnm
513 156 621 193 ananius
735 143 784 192 143

25 251 83 317 priis
102 254 151 302 suis
170 256 301 316 praeoopuis.
323 255 362 304 Sio
381 255 445 315 lepra
469 255 559 315 punivit
578 253 682 305 Munium
703 259 784 302 eontra

25 331 120 392 Moysen
136 337 318 379 murmurantem
332 332 361 391 (ll
380 346 385 377 :
407 330 473 387 Cure,
484 329 575 379 Dutltuu
594 330 784 386 Autumnoque

25 409 102 455 Aaron
118 407 264 468 insurgentes
283 420 335 454 oum
352 408 458 454 omnibns
475 407 613 467 sequacibus
637 405 693 455 suis,
715 419 785 468 quam

25 484 123 531 terribili
139 484 252 546 supplicio
266 485 306 545 (bb
319 484 356 532 Sio
368 483 464 540 Suiilem,
475 492 590 546 praerepto
609 484 724 534 Samuelis
739 496 786 530 non

26 559 231 621 obtemperantem,
243 559 328 620 abjecit
339 565 361 605 et
372 560 516 621 reprobravit
526 561 554 621 (3)
570 576 575 606 :
589 575 629 608 rex
639 567 688 619 est;
702 572 786 607 neces-

27 634 95 682 sitate
108 636 247 696 compulsae,
260 634 344 682 obtulit
357 635 497 682 saorifioium
509 635 539 682 ud
550 635 689 697 placandum
700 636 784 691 Deum,

27 715 51 757 et
63 724 108 758 non
117 710 219 757 auditur.
229 711 320 768 Quanto
330 711 461 770 grauiorem
471 721 563 771 poenam
575 715 676 757 meretur
687 710 787 771 Religio·

27 797 66 831 sus
84 784 240 831 obedientiam
251 784 394 832 detrectans!
698 842 700 844 Ι

57 860 83 905 3⁰
94 858 118 906 Si
128 858 203 917 poenis
215 859 328 918 ejusmodi
341 871 394 905 raro
407 857 539 921 punitorio
556 857 601 906 hae
615 861 673 915 vita,
687 860 786 907 oooultis

27 937 51 980 et
70 932 235 996 spiritualibus,
254 935 358 997 adeoque
373 934 520 996 gravioribus
537 942 678 984 reservatur.
693 934 787 998 Triplex

28 1010 127 1058 maxime
136 1010 265 1072 periculum
276 1010 387 1070 incurrit3
402 1014 428 1057 lo
438 1025 467 1058 ne
476 1011 525 1073 *sibl
541 1013 585 1074 ipsi
604 1012 749 1074 relinquatur
763 1022 786 1060 et

28 1085 141 1135 arbitratu
157 1099 199 1134 suo
212 1087 322 1134 ambulet.
337 1086 391 1137 Non
407 1087 497 1136 erudibit
509 1089 607 1150 populus
622 1101 695 1135 oneum
705 1100 785 1142 meatu,

27 1160 93 1210 iburut
108 1162 133 1208 in
150 1161 346 1210 adinventionibus
361 1162 408 1210 suis
420 1155 427 1210 ἑ
438 1165 473 1211 sio
491 1163 641 1225 Philosophus
661 1163 746 1210 dimisit
761 1162 787 1208 iu

28 1237 140 1285 desiderio
152 1237 225 1284 eurulis
235 1251 312 1285 eornm
321 1240 360 1300 [lb
369 1242 394 1287 2⁰
407 1253 435 1286 ne
448 1239 519 1286 vitum
532 1240 618 1287 diruant
630 1240 680 1285 sine
691 1237 785 1293 auxilio,

28 1312 76 1360 sine
94 1314 185 1370 solatio,
198 1315 248 1359 sine
259 1314 349 1370 meriio,
363 1314 455 1375 plenum
466 1306 565 1370 'laboris
580 1327 679 1361 vacuam
696 1325 788 1360 meroe-

28 1387 76 1444 tlis;
88 1390 113 1434 3⁰
129 1402 157 1435 ne
177 1388 263 1435 bellum
282 1395 364 1449 gerant
382 1394 463 1436 eontra
481 1389 562 1444 Deum,
573 1390 598 1435 in
616 1387 788 1449 quo'naturale

29 1468 63 1510 est
73 1463 189 1510 hominem
201 1464 271 1519 vinei,
285 1465 377 1510 vincere
390 1465 463 1511 multo
475 1464 636 1523 periculosius.

58 1539 97 1586 lIl.
109 1564 136 1573 —
146 1538 181 1585 ud
192 1538 282 1599 praxim
294 1539 433 1586 obedientiae
440 1538 464 1585 in
476 1538 593 1587 Societate
605 1544 705 1599 quatuor
720 1538 789 1599 expli·

29 1614 102 1661 nanda
114 1619 247 1675 supersunt.
482 1659 486 1674 ,

59 1690 84 1736 l0
94 1691 149 1752 Ejus
163 1698 254 1747 natura,
268 1703 309 1737 seu
326 1690 399 1737 notin.
410 1690 452 1737 Est
468 1690 543 1737 virtus
561 1688 663 1746 moralis,
677 1702 731 1751 quae
747 1702 792 1742 nos.

28 1766 84 1824 Deo,
96 1769 193 1828 ejusque
204 1766 319 1816 voluntati
331 1766 432 1827 subjicit,
444 1773 467 1813 et
478 1766 610 1814 hominihus
622 1767 662 1828 qui
672 1766 737 1813 nobis
746 1778 787 1826 pro

29 1843 75 1890 Det
91 1850 202 1906 praesunt.
219 1843 317 1891 Videtur
332 1857 387 1905 pars
401 1839 535 1904 Religionis,
554 1850 577 1891 et
596 1845 681 1889 dieitur
697 1857 710 1890 a
734 1842 787 1889 divo

28 1919 116 1968 Thoma
123 1921 202 1981 primu
216 1921 328 1967 uirtutum
339 1921 470 1974 ntoruliunu,
482 1921 567 1980 quippe
577 1932 631 1980 quae
643 1921 690 1965 Deo
704 1918 788 1965 volun-

28 1997 101 2043 latem
113 1997 237 2043 saerilioet.

58 2075 84 2119 2⁰
96 2071 151 2131 EJ'us
161 2071 271 2131 obligatio
290 2074 324 2116 est
339 2071 368 2117 ad
380 2069 566 2116 observationem
577 2067 680 2128 Regum,
693 2073 716 2113 et
734 2080 787 2114 om-

29 2146 92 2194 nium
104 2162 158 2208 quae
168 2149 197 2194 ad
211 2148 274 2194 illam
286 2136 409 2208 pertinent,
423 2146 515 2207 quondo
529 2158 542 2191 a
559 2145 682 2205 Superiore
699 2144 788 2205 praeoi-

30 2221 135 2281 plantum
147 2224 167 2269 si
175 2223 200 2268 in
210 2224 298 2270 virtute
310 2227 397 2268 sanotae
409 2220 584 2267 obedientiae‘in
599 2234 624 2266 re
635 2220 711 2279 gravi,
722 2233 789 2265 mor-

28 2295 75 2343 tale
86 2305 177 2345 estnon
191 2298 292 2344 obedire.
306 2299 384 2344 Potest
399 2304 477 2342 autem
489 2296 596 2357 Superior
612 2296 737 2343 societatis
754 2295 789 2343 sio

30 2373 156 2433 praecipere
165 2373 189 2418 in
199 2372 305 2419 omnihus
316 2385 368 2433 qum
378 2372 407 2418 ad
420 2372 490 2418 finem
499 2371 601 2418 lnstituli
612 2371 739 2431 pertinent.

60 2451 86 2494 3⁰
96 2447 210 2495 Perfeotio
222 2451 273 2510 ejus
285 2450 324 2497 vix
333 2452 410 2510 polest
423 2460 473 2495 esse
485 2446 559 2509 major
572 2460 642 2509 quom
653 2446 789 2511 prescribi-

32 2527 69 2572 tur
79 2525 235 2574 inSooietate.
247 2528 273 2572 l⁰
289 2525 397 2592 Extendit
415 2538 441 2573 se
458 2523 488 2573 ad
504 2538 540 2572 res
559 2538 646 2584 omnes⁷
661 2528 732 2575 etiam
742 2538 789 2575 non

55 2620 140 2690 (illlum.
150 2659 184 2685 xri.
218 2685 220 2688 ,
236 2620 239 2623 ⁴
444 2648 539 2695 (allmeg.
547 2654 586 2688 liin.

39 2735 41 2737 ¹
51 2691 79 2737 ,(2)
85 2693 139 2731 llam.
148 2704 185 2732 xri.
444 2694 471 2740 lli]
478 2695 556 2734 Roman,
564 2705 580 2731 1.
