<?xml version="1.0" encoding="UTF-8"?>
<!DOCTYPE html PUBLIC "-//W3C//DTD XHTML 1.0 Transitional//EN"
    "http://www.w3.org/TR/xhtml1/DTD/xhtml1-transitional.dtd">
<html xmlns="http://www.w3.org/1999/xhtml" xml:lang="en" lang="en">
 <head>
  <title>
</title>
<meta http-equiv="Content-Type" content="text/html;charset=utf-8" />
  <meta name='ocr-system' content='tesseract 3.04.00' />
  <meta name='ocr-capabilities' content='ocr_page ocr_carea ocr_par ocr_line ocrx_word'/>
</head>
<body>
  <div class='ocr_page' id='page_1' title='image "MN5052ucmf_3_0230.png"; bbox 0 0 1715 2908; ppageno 0'>
   <div class='ocr_carea' id='block_1_1' title="bbox 186 150 805 200">
    <p class='ocr_par' dir='ltr' id='par_1_1' title="bbox 186 150 805 200">
     <span class='ocr_line' id='line_1_1' title="bbox 186 150 805 200; baseline 0.002 -3"><span class='ocrx_word' id='word_1_1' title='bbox 186 163 311 198; x_wconf 80' lang='lat' dir='ltr'><strong>snounuAE</strong></span> <span class='ocrx_word' id='word_1_2' title='bbox 329 164 496 199; x_wconf 79' lang='lat' dir='ltr'><strong>nneoonnnuAE</strong></span> <span class='ocrx_word' id='word_1_3' title='bbox 515 164 661 200; x_wconf 80' lang='lat' dir='ltr'><strong>onnncrmos</strong></span> <span class='ocrx_word' id='word_1_4' title='bbox 755 150 805 198; x_wconf 81' lang='lat'><strong>217</strong></span> 
     </span>
    </p>
   </div>
   <div class='ocr_carea' id='block_1_2' title="bbox 20 259 843 1221">
    <p class='ocr_par' dir='ltr' id='par_1_2' title="bbox 45 259 807 472">
     <span class='ocr_line' id='line_1_2' title="bbox 45 259 805 320; baseline 0.001 -15"><span class='ocrx_word' id='word_1_5' title='bbox 45 259 156 317; x_wconf 78' lang='lat' dir='ltr'><strong>uoluatur,</strong></span> <span class='ocrx_word' id='word_1_6' title='bbox 168 259 205 304; x_wconf 77' lang='lat' dir='ltr'><strong>sed</strong></span> <span class='ocrx_word' id='word_1_7' title='bbox 217 265 261 309; x_wconf 73' lang='lat' dir='ltr'><strong>tuo¹</strong></span> <span class='ocrx_word' id='word_1_8' title='bbox 268 259 362 320; x_wconf 62' lang='lat' dir='ltr'><strong>iiotijt);</strong></span> <span class='ocrx_word' id='word_1_9' title='bbox 373 274 419 306; x_wconf 81' lang='lat' dir='ltr'><strong>oon</strong></span> <span class='ocrx_word' id='word_1_10' title='bbox 428 259 487 305; x_wconf 82' lang='lat' dir='ltr'><strong>sieut</strong></span> <span class='ocrx_word' id='word_1_11' title='bbox 500 275 536 320; x_wconf 75' lang='lat' dir='ltr'><strong>epo</strong></span> <span class='ocrx_word' id='word_1_12' title='bbox 545 262 601 316; x_wconf 85' lang='lat' dir='ltr'><strong>ooto,</strong></span> <span class='ocrx_word' id='word_1_13' title='bbox 610 261 648 307; x_wconf 83' lang='lat' dir='ltr'><strong>sed</strong></span> <span class='ocrx_word' id='word_1_14' title='bbox 659 260 716 306; x_wconf 76' lang='lat' dir='ltr'><strong>sicot</strong></span> <span class='ocrx_word' id='word_1_15' title='bbox 729 268 754 307; x_wconf 82' lang='lat' dir='ltr'><strong>to</strong></span> <span class='ocrx_word' id='word_1_16' title='bbox 766 265 805 320; x_wconf 66' lang='lat'><strong>(⁶2).</strong></span> 
     </span>
     <span class='ocr_line' id='line_1_3' title="bbox 75 334 806 396; baseline 0.005 -17"><span class='ocrx_word' id='word_1_17' title='bbox 75 334 156 381; x_wconf 81' lang='lat' dir='ltr'><strong>Excita</strong></span> <span class='ocrx_word' id='word_1_18' title='bbox 174 336 262 395; x_wconf 89' lang='lat' dir='ltr'><strong>pariter</strong></span> <span class='ocrx_word' id='word_1_19' title='bbox 281 336 303 380; x_wconf 91' lang='lat' dir='ltr'><strong>in</strong></span> <span class='ocrx_word' id='word_1_20' title='bbox 325 343 346 382; x_wconf 90' lang='lat' dir='ltr'><strong>te</strong></span> <span class='ocrx_word' id='word_1_21' title='bbox 363 335 542 396; x_wconf 76' lang='lat' dir='ltr'>resignationem</span> <span class='ocrx_word' id='word_1_22' title='bbox 559 338 622 384; x_wconf 90' lang='lat' dir='ltr'><strong>circa</strong></span> <span class='ocrx_word' id='word_1_23' title='bbox 644 342 742 382; x_wconf 86' lang='lat' dir='ltr'><strong>mortem</strong></span> <span class='ocrx_word' id='word_1_24' title='bbox 765 337 806 383; x_wconf 91' lang='lat' dir='ltr'><strong>tibi</strong></span> 
     </span>
     <span class='ocr_line' id='line_1_4' title="bbox 46 412 807 472; baseline 0 -15"><span class='ocrx_word' id='word_1_25' title='bbox 46 417 237 469; x_wconf 77' lang='lat' dir='ltr'><strong>superventuram</strong></span> <span class='ocrx_word' id='word_1_26' title='bbox 247 412 269 471; x_wconf 93' lang='lat' dir='ltr'><strong>in</strong></span> <span class='ocrx_word' id='word_1_27' title='bbox 287 412 468 458; x_wconf 74' lang='lat' dir='ltr'><strong>circumstantiis</strong></span> <span class='ocrx_word' id='word_1_28' title='bbox 480 412 611 472; x_wconf 80' lang='lat' dir='ltr'><strong>insperatis,</strong></span> <span class='ocrx_word' id='word_1_29' title='bbox 625 412 769 460; x_wconf 79' lang='lat' dir='ltr'><strong>inclinationi</strong></span> <span class='ocrx_word' id='word_1_30' title='bbox 784 419 807 459; x_wconf 89' lang='lat' dir='ltr'><strong>et</strong></span> 
     </span>
    </p>

    <p class='ocr_par' dir='ltr' id='par_1_3' title="bbox 46 485 807 535">
     <span class='ocr_line' id='line_1_5' title="bbox 46 485 807 535; baseline 0.001 -3"><span class='ocrx_word' id='word_1_31' title='bbox 46 485 160 532; x_wconf 83' lang='lat' dir='ltr'><strong>voluntati</strong></span> <span class='ocrx_word' id='word_1_32' title='bbox 172 491 218 533; x_wconf 91' lang='lat' dir='ltr'><strong>tuae</strong></span> <span class='ocrx_word' id='word_1_33' title='bbox 232 488 356 532; x_wconf 87' lang='lat' dir='ltr'><strong>contrariis</strong></span> <span class='ocrx_word' id='word_1_34' title='bbox 369 489 442 533; x_wconf 88' lang='lat' dir='ltr'><strong>vitam</strong></span> <span class='ocrx_word' id='word_1_35' title='bbox 458 487 574 533; x_wconf 87' lang='lat' dir='ltr'><strong>offerendo</strong></span> <span class='ocrx_word' id='word_1_36' title='bbox 586 488 609 533; x_wconf 90' lang='lat' dir='ltr'><strong>in</strong></span> <span class='ocrx_word' id='word_1_37' title='bbox 619 489 760 535; x_wconf 85' lang='lat' dir='ltr'><strong>sacrificinm</strong></span> <span class='ocrx_word' id='word_1_38' title='bbox 771 489 807 533; x_wconf 90' lang='lat' dir='ltr'><strong>di-</strong></span> 
     </span>
    </p>

    <p class='ocr_par' dir='ltr' id='par_1_4' title="bbox 46 560 241 612">
     <span class='ocr_line' id='line_1_6' title="bbox 46 560 241 612; baseline -0.005 -6"><span class='ocrx_word' id='word_1_39' title='bbox 46 562 106 607; x_wconf 85' lang='lat' dir='ltr'><strong>vinae</strong></span> <span class='ocrx_word' id='word_1_40' title='bbox 118 560 241 612; x_wconf 87' lang='lat' dir='ltr'><strong>voluntati.</strong></span> 
     </span>
    </p>

    <p class='ocr_par' dir='ltr' id='par_1_5' title="bbox 20 634 809 845">
     <span class='ocr_line' id='line_1_7' title="bbox 20 634 809 697; baseline 0.006 -18"><span class='ocrx_word' id='word_1_41' title='bbox 20 663 22 667; x_wconf 91' lang='lat'><em>-</em></span> <span class='ocrx_word' id='word_1_42' title='bbox 49 685 50 688; x_wconf 8' lang='grc' dir='ltr'><strong>Ἴ</strong></span> <span class='ocrx_word' id='word_1_43' title='bbox 75 634 229 695; x_wconf 82' lang='lat' dir='ltr'><strong>Colloqnium.</strong></span> <span class='ocrx_word' id='word_1_44' title='bbox 241 635 300 694; x_wconf 89' lang='lat' dir='ltr'><strong>Fiat,</strong></span> <span class='ocrx_word' id='word_1_45' title='bbox 314 637 420 695; x_wconf 90' lang='lat' dir='ltr'><strong>Domine,</strong></span> <span class='ocrx_word' id='word_1_46' title='bbox 436 637 460 681; x_wconf 90' lang='lat' dir='ltr'><strong>in</strong></span> <span class='ocrx_word' id='word_1_47' title='bbox 471 650 515 692; x_wconf 88' lang='lat' dir='ltr'><strong>me,</strong></span> <span class='ocrx_word' id='word_1_48' title='bbox 527 637 556 682; x_wconf 90' lang='lat' dir='ltr'><strong>de</strong></span> <span class='ocrx_word' id='word_1_49' title='bbox 568 651 612 693; x_wconf 86' lang='lat' dir='ltr'><strong>me,</strong></span> <span class='ocrx_word' id='word_1_50' title='bbox 625 653 665 697; x_wconf 93' lang='lat' dir='ltr'><strong>per</strong></span> <span class='ocrx_word' id='word_1_51' title='bbox 686 653 730 692; x_wconf 88' lang='lat' dir='ltr'><strong>me,</strong></span> <span class='ocrx_word' id='word_1_52' title='bbox 745 639 809 685; x_wconf 88' lang='lat' dir='ltr'><strong>circa</strong></span> 
     </span>
     <span class='ocr_line' id='line_1_8' title="bbox 47 711 806 765; baseline 0.003 -11"><span class='ocrx_word' id='word_1_53' title='bbox 47 724 91 763; x_wconf 90' lang='lat' dir='ltr'><strong>me,</strong></span> <span class='ocrx_word' id='word_1_54' title='bbox 105 723 184 755; x_wconf 88' lang='lat' dir='ltr'><strong>omnes</strong></span> <span class='ocrx_word' id='word_1_55' title='bbox 196 724 261 755; x_wconf 86' lang='lat' dir='ltr'><strong>meos</strong></span> <span class='ocrx_word' id='word_1_56' title='bbox 274 716 297 755; x_wconf 88' lang='lat' dir='ltr'><strong>et</strong></span> <span class='ocrx_word' id='word_1_57' title='bbox 309 712 386 755; x_wconf 90' lang='lat' dir='ltr'><strong>omnia</strong></span> <span class='ocrx_word' id='word_1_58' title='bbox 404 724 464 765; x_wconf 81' lang='lat' dir='ltr'><strong>mea,</strong></span> <span class='ocrx_word' id='word_1_59' title='bbox 479 711 626 756; x_wconf 81' lang='lat' dir='ltr'><strong>sanctissima</strong></span> <span class='ocrx_word' id='word_1_60' title='bbox 637 711 745 757; x_wconf 82' lang='lat' dir='ltr'><strong>voluntas</strong></span> <span class='ocrx_word' id='word_1_61' title='bbox 757 716 806 765; x_wconf 86' lang='lat' dir='ltr'><strong>tua,</strong></span> 
     </span>
     <span class='ocr_line' id='line_1_9' title="bbox 46 784 808 845; baseline 0.001 -16"><span class='ocrx_word' id='word_1_62' title='bbox 46 786 69 829; x_wconf 90' lang='lat' dir='ltr'><strong>in</strong></span> <span class='ocrx_word' id='word_1_63' title='bbox 84 784 190 830; x_wconf 91' lang='lat' dir='ltr'><strong>omnibus</strong></span> <span class='ocrx_word' id='word_1_64' title='bbox 207 793 230 830; x_wconf 92' lang='lat' dir='ltr'><strong>et</strong></span> <span class='ocrx_word' id='word_1_65' title='bbox 249 799 290 844; x_wconf 89' lang='lat' dir='ltr'><strong>per</strong></span> <span class='ocrx_word' id='word_1_66' title='bbox 309 786 393 840; x_wconf 88' lang='lat' dir='ltr'><strong>omnia,</strong></span> <span class='ocrx_word' id='word_1_67' title='bbox 406 799 497 844; x_wconf 80' lang='lat' dir='ltr'><strong>semper</strong></span> <span class='ocrx_word' id='word_1_68' title='bbox 516 791 539 831; x_wconf 88' lang='lat' dir='ltr'><strong>et</strong></span> <span class='ocrx_word' id='word_1_69' title='bbox 554 785 649 845; x_wconf 85' lang='lat' dir='ltr'><strong>ubique,</strong></span> <span class='ocrx_word' id='word_1_70' title='bbox 666 800 728 832; x_wconf 84' lang='lat' dir='ltr'><strong>nunc</strong></span> <span class='ocrx_word' id='word_1_71' title='bbox 745 787 808 831; x_wconf 91' lang='lat' dir='ltr'><strong>etin</strong></span> 
     </span>
    </p>

    <p class='ocr_par' dir='ltr' id='par_1_6' title="bbox 32 864 261 905">
     <span class='ocr_line' id='line_1_10' title="bbox 32 864 261 905; baseline -0.017 0"><span class='ocrx_word' id='word_1_72' title='bbox 32 867 33 870; x_wconf 78' lang='grc'>’</span> <span class='ocrx_word' id='word_1_73' title='bbox 47 866 167 905; x_wconf 76' lang='lat' dir='ltr'><strong>aeternum.</strong></span> <span class='ocrx_word' id='word_1_74' title='bbox 180 864 261 905; x_wconf 85' lang='lat' dir='ltr'><strong>Amen.</strong></span> 
     </span>
    </p>

    <p class='ocr_par' dir='ltr' id='par_1_7' title="bbox 48 931 843 1146">
     <span class='ocr_line' id='line_1_11' title="bbox 76 931 843 994; baseline 0.001 -15"><span class='ocrx_word' id='word_1_75' title='bbox 76 934 136 993; x_wconf 79' lang='lat' dir='ltr'><strong>Lege</strong></span> <span class='ocrx_word' id='word_1_76' title='bbox 146 934 256 993; x_wconf 84' lang='lat' dir='ltr'><strong>Evangel.</strong></span> <span class='ocrx_word' id='word_1_77' title='bbox 268 931 342 979; x_wconf 88' lang='lat' dir='ltr'><strong>sancti</strong></span> <span class='ocrx_word' id='word_1_78' title='bbox 354 935 436 980; x_wconf 86' lang='lat' dir='ltr'><strong>Joann.</strong></span> <span class='ocrx_word' id='word_1_79' title='bbox 449 948 501 994; x_wconf 87' lang='lat' dir='ltr'><strong>cap.</strong></span> <span class='ocrx_word' id='word_1_80' title='bbox 515 947 576 980; x_wconf 84' lang='lat' dir='ltr'><strong>xvii.</strong></span> <span class='ocrx_word' id='word_1_81' title='bbox 840 982 843 986; x_wconf 81' lang='grc'><em>,</em></span> 
     </span>
     <span class='ocr_line' id='line_1_12' title="bbox 76 1009 809 1070; baseline 0.003 -15"><span class='ocrx_word' id='word_1_82' title='bbox 76 1010 251 1056; x_wconf 82' lang='lat' dir='ltr'><strong>Exlmitatione</strong></span> <span class='ocrx_word' id='word_1_83' title='bbox 264 1009 356 1066; x_wconf 84' lang='lat' dir='ltr'><strong>Christi,</strong></span> <span class='ocrx_word' id='word_1_84' title='bbox 369 1009 408 1055; x_wconf 85' lang='lat' dir='ltr'><strong>lib.</strong></span> <span class='ocrx_word' id='word_1_85' title='bbox 418 1010 457 1065; x_wconf 84' lang='lat' dir='ltr'><strong>III,</strong></span> <span class='ocrx_word' id='word_1_86' title='bbox 468 1024 520 1070; x_wconf 81' lang='lat' dir='ltr'><strong>cap.</strong></span> <span class='ocrx_word' id='word_1_87' title='bbox 534 1024 556 1064; x_wconf 88' lang='lat' dir='ltr'><strong>v,</strong></span> <span class='ocrx_word' id='word_1_88' title='bbox 571 1010 600 1056; x_wconf 89' lang='lat' dir='ltr'><strong>de</strong></span> <span class='ocrx_word' id='word_1_89' title='bbox 613 1010 713 1057; x_wconf 84' lang='lat' dir='ltr'><strong>mirabili</strong></span> <span class='ocrx_word' id='word_1_90' title='bbox 724 1012 809 1057; x_wconf 86' lang='lat' dir='ltr'><strong>effectu</strong></span> 
     </span>
     <span class='ocr_line' id='line_1_13' title="bbox 48 1086 809 1146; baseline 0 -14"><span class='ocrx_word' id='word_1_91' title='bbox 48 1086 144 1143; x_wconf 81' lang='lat' dir='ltr'><strong>amoris3</strong></span> <span class='ocrx_word' id='word_1_92' title='bbox 156 1099 208 1145; x_wconf 87' lang='lat' dir='ltr'><strong>cap.</strong></span> <span class='ocrx_word' id='word_1_93' title='bbox 222 1100 256 1142; x_wconf 87' lang='lat' dir='ltr'><strong>vr,</strong></span> <span class='ocrx_word' id='word_1_94' title='bbox 271 1087 299 1131; x_wconf 85' lang='lat' dir='ltr'><strong>do</strong></span> <span class='ocrx_word' id='word_1_95' title='bbox 311 1086 447 1145; x_wconf 83' lang='lat' dir='ltr'><strong>probatione</strong></span> <span class='ocrx_word' id='word_1_96' title='bbox 458 1086 508 1132; x_wconf 87' lang='lat' dir='ltr'><strong>veri</strong></span> <span class='ocrx_word' id='word_1_97' title='bbox 520 1087 644 1143; x_wconf 89' lang='lat' dir='ltr'><strong>amatoris;</strong></span> <span class='ocrx_word' id='word_1_98' title='bbox 657 1100 709 1146; x_wconf 87' lang='lat' dir='ltr'><strong>cap.</strong></span> <span class='ocrx_word' id='word_1_99' title='bbox 721 1100 765 1142; x_wconf 85' lang='lat' dir='ltr'><strong>vu,</strong></span> <span class='ocrx_word' id='word_1_100' title='bbox 780 1086 809 1132; x_wconf 88' lang='lat' dir='ltr'><strong>de</strong></span> 
     </span>
    </p>

    <p class='ocr_par' dir='ltr' id='par_1_8' title="bbox 48 1160 603 1221">
     <span class='ocr_line' id='line_1_14' title="bbox 48 1160 603 1221; baseline 0 -15"><span class='ocrx_word' id='word_1_101' title='bbox 48 1161 185 1208; x_wconf 87' lang='lat' dir='ltr'><strong>occultanda</strong></span> <span class='ocrx_word' id='word_1_102' title='bbox 196 1162 273 1221; x_wconf 80' lang='lat' dir='ltr'><strong>gratia</strong></span> <span class='ocrx_word' id='word_1_103' title='bbox 283 1160 325 1206; x_wconf 90' lang='lat' dir='ltr'><strong>sub</strong></span> <span class='ocrx_word' id='word_1_104' title='bbox 337 1160 475 1207; x_wconf 84' lang='lat' dir='ltr'><strong>humilitatis</strong></span> <span class='ocrx_word' id='word_1_105' title='bbox 488 1162 603 1208; x_wconf 87' lang='lat' dir='ltr'><strong>custodia.</strong></span> 
     </span>
    </p>
   </div>
   <div class='ocr_carea' id='block_1_3' title="bbox 271 1340 582 1386">
    <p class='ocr_par' dir='ltr' id='par_1_9' title="bbox 271 1340 582 1386">
     <span class='ocr_line' id='line_1_15' title="bbox 271 1340 582 1386; baseline 0 -2"><span class='ocrx_word' id='word_1_106' title='bbox 271 1340 337 1384; x_wconf 85' lang='lat' dir='ltr'>XXI.</span> <span class='ocrx_word' id='word_1_107' title='bbox 356 1340 582 1386; x_wconf 80' lang='lat' dir='ltr'><strong>CONSIDERATIO.</strong></span> 
     </span>
    </p>
   </div>
   <div class='ocr_carea' id='block_1_4' title="bbox 91 1435 765 1555">
    <p class='ocr_par' dir='ltr' id='par_1_10' title="bbox 91 1435 765 1555">
     <span class='ocr_line' id='line_1_16' title="bbox 91 1435 765 1493; baseline -0.003 -11"><span class='ocrx_word' id='word_1_108' title='bbox 91 1437 177 1482; x_wconf 71' lang='lat' dir='ltr'><strong>Paucis</strong></span> <span class='ocrx_word' id='word_1_109' title='bbox 192 1435 359 1493; x_wconf 75' lang='lat' dir='ltr'><strong>conformitatis</strong></span> <span class='ocrx_word' id='word_1_110' title='bbox 377 1435 500 1481; x_wconf 68' lang='lat' dir='ltr'><strong>volontatis</strong></span> <span class='ocrx_word' id='word_1_111' title='bbox 515 1442 599 1482; x_wconf 75' lang='lat' dir='ltr'><strong>eostre</strong></span> <span class='ocrx_word' id='word_1_112' title='bbox 619 1448 670 1480; x_wconf 77' lang='lat' dir='ltr'><strong>eoru</strong></span> <span class='ocrx_word' id='word_1_113' title='bbox 686 1435 765 1480; x_wconf 72' lang='lat' dir='ltr'><strong>divim</strong></span> 
     </span>
     <span class='ocr_line' id='line_1_17' title="bbox 368 1511 490 1555; baseline -0.016 -1"><span class='ocrx_word' id='word_1_114' title='bbox 368 1511 490 1555; x_wconf 78' lang='lat' dir='ltr'><strong>volontate.</strong></span> 
     </span>
    </p>
   </div>
   <div class='ocr_carea' id='block_1_5' title="bbox 48 1593 812 2569">
    <p class='ocr_par' dir='ltr' id='par_1_11' title="bbox 48 1593 812 1899">
     <span class='ocr_line' id='line_1_18' title="bbox 78 1593 809 1666; baseline -0.004 -13"><span class='ocrx_word' id='word_1_115' title='bbox 78 1593 144 1653; x_wconf 81' lang='lat' dir='ltr'><strong>Circa</strong></span> <span class='ocrx_word' id='word_1_116' title='bbox 157 1607 216 1653; x_wconf 88' lang='lat' dir='ltr'><strong>hanc</strong></span> <span class='ocrx_word' id='word_1_117' title='bbox 233 1606 277 1652; x_wconf 91' lang='lat' dir='ltr'><strong>tria</strong></span> <span class='ocrx_word' id='word_1_118' title='bbox 290 1606 456 1653; x_wconf 81' lang='lat' dir='ltr'><strong>consideranda</strong></span> <span class='ocrx_word' id='word_1_119' title='bbox 475 1613 528 1652; x_wconf 87' lang='lat' dir='ltr'><strong>sunt</strong></span> <span class='ocrx_word' id='word_1_120' title='bbox 543 1622 548 1651; x_wconf 88' lang='lat'>:</span> <span class='ocrx_word' id='word_1_121' title='bbox 562 1609 589 1651; x_wconf 86' lang='lat' dir='ltr'><strong>t⁰</strong></span> <span class='ocrx_word' id='word_1_122' title='bbox 599 1606 712 1666; x_wconf 89' lang='lat' dir='ltr'><strong>principia</strong></span> <span class='ocrx_word' id='word_1_123' title='bbox 725 1606 809 1666; x_wconf 83' lang='lat' dir='ltr'><strong>quibus</strong></span> 
     </span>
     <span class='ocr_line' id='line_1_19' title="bbox 48 1680 812 1743; baseline -0.004 -15"><span class='ocrx_word' id='word_1_124' title='bbox 48 1689 158 1743; x_wconf 85' lang='lat' dir='ltr'><strong>tanquam</strong></span> <span class='ocrx_word' id='word_1_125' title='bbox 177 1681 333 1727; x_wconf 83' lang='lat' dir='ltr'><strong>fundamentis</strong></span> <span class='ocrx_word' id='word_1_126' title='bbox 351 1682 445 1738; x_wconf 75' lang='lat' dir='ltr'><strong>nititur,</strong></span> <span class='ocrx_word' id='word_1_127' title='bbox 460 1685 486 1729; x_wconf 78' lang='lat'><strong>2⁰</strong></span> <span class='ocrx_word' id='word_1_128' title='bbox 504 1681 576 1741; x_wconf 90' lang='lat' dir='ltr'><strong>ipsius</strong></span> <span class='ocrx_word' id='word_1_129' title='bbox 593 1680 737 1735; x_wconf 80' lang='lat' dir='ltr'><strong>exercitium,</strong></span> <span class='ocrx_word' id='word_1_130' title='bbox 758 1688 812 1726; x_wconf 92' lang='lat' dir='ltr'><strong>tan-</strong></span> 
     </span>
     <span class='ocr_line' id='line_1_20' title="bbox 49 1755 811 1819; baseline -0.003 -16"><span class='ocrx_word' id='word_1_131' title='bbox 49 1773 118 1819; x_wconf 85' lang='lat' dir='ltr'><strong>quam</strong></span> <span class='ocrx_word' id='word_1_132' title='bbox 134 1758 188 1804; x_wconf 89' lang='lat' dir='ltr'><strong>inde</strong></span> <span class='ocrx_word' id='word_1_133' title='bbox 202 1758 303 1803; x_wconf 84' lang='lat' dir='ltr'><strong>deducta</strong></span> <span class='ocrx_word' id='word_1_134' title='bbox 322 1757 453 1814; x_wconf 88' lang='lat' dir='ltr'><strong>conclusio;</strong></span> <span class='ocrx_word' id='word_1_135' title='bbox 467 1760 493 1803; x_wconf 84' lang='lat'><strong>3⁰</strong></span> <span class='ocrx_word' id='word_1_136' title='bbox 505 1759 590 1812; x_wconf 87' lang='lat' dir='ltr'><strong>media,</strong></span> <span class='ocrx_word' id='word_1_137' title='bbox 607 1770 648 1804; x_wconf 88' lang='lat' dir='ltr'><strong>seu</strong></span> <span class='ocrx_word' id='word_1_138' title='bbox 668 1756 762 1811; x_wconf 79' lang='lat' dir='ltr'><strong>auxilia,</strong></span> <span class='ocrx_word' id='word_1_139' title='bbox 782 1755 811 1802; x_wconf 89' lang='lat' dir='ltr'><strong>ad</strong></span> 
     </span>
     <span class='ocr_line' id='line_1_21' title="bbox 48 1834 442 1899; baseline -0.005 -20"><span class='ocrx_word' id='word_1_140' title='bbox 48 1836 213 1899; x_wconf 80' lang='lat' dir='ltr'><strong>perfectionem</strong></span> <span class='ocrx_word' id='word_1_141' title='bbox 222 1847 273 1880; x_wconf 90' lang='lat' dir='ltr'><strong>eam</strong></span> <span class='ocrx_word' id='word_1_142' title='bbox 283 1834 442 1893; x_wconf 85' lang='lat' dir='ltr'><strong>perducentia.</strong></span> 
     </span>
    </p>

    <p class='ocr_par' dir='ltr' id='par_1_12' title="bbox 49 1907 810 2045">
     <span class='ocr_line' id='line_1_22' title="bbox 78 1907 810 1970; baseline -0.001 -15"><span class='ocrx_word' id='word_1_143' title='bbox 78 1912 96 1955; x_wconf 90' lang='grc' dir='ltr'><strong>Ι.</strong></span> <span class='ocrx_word' id='word_1_144' title='bbox 108 1937 134 1944; x_wconf 94' lang='grc'>-</span> <span class='ocrx_word' id='word_1_145' title='bbox 145 1909 262 1968; x_wconf 88' lang='lat' dir='ltr'><strong>Principia</strong></span> <span class='ocrx_word' id='word_1_146' title='bbox 272 1923 312 1954; x_wconf 91' lang='lat' dir='ltr'><strong>seu</strong></span> <span class='ocrx_word' id='word_1_147' title='bbox 325 1909 484 1964; x_wconf 80' lang='lat' dir='ltr'><strong>fundamenta,</strong></span> <span class='ocrx_word' id='word_1_148' title='bbox 498 1910 583 1970; x_wconf 87' lang='lat' dir='ltr'><strong>quibus</strong></span> <span class='ocrx_word' id='word_1_149' title='bbox 592 1909 644 1957; x_wconf 85' lang='lat' dir='ltr'><strong>haec</strong></span> <span class='ocrx_word' id='word_1_150' title='bbox 652 1907 810 1955; x_wconf 61' lang='lat' dir='ltr'><strong>&gt;conformitas</strong></span> 
     </span>
     <span class='ocr_line' id='line_1_23' title="bbox 49 1978 748 2045; baseline -0.003 -15"><span class='ocrx_word' id='word_1_151' title='bbox 49 1987 138 2041; x_wconf 87' lang='lat' dir='ltr'><strong>nititur,</strong></span> <span class='ocrx_word' id='word_1_152' title='bbox 151 1990 204 2031; x_wconf 90' lang='lat' dir='ltr'><strong>sunt</strong></span> <span class='ocrx_word' id='word_1_153' title='bbox 215 1978 336 2043; x_wconf 86' lang='lat' dir='ltr'><strong>partimin</strong></span> <span class='ocrx_word' id='word_1_154' title='bbox 348 1983 475 2039; x_wconf 78' lang='lat' dir='ltr'><strong>intellectu,</strong></span> <span class='ocrx_word' id='word_1_155' title='bbox 483 1985 574 2045; x_wconf 84' lang='lat' dir='ltr'><strong>partim</strong></span> <span class='ocrx_word' id='word_1_156' title='bbox 583 1984 609 2028; x_wconf 87' lang='lat' dir='ltr'><strong>iu</strong></span> <span class='ocrx_word' id='word_1_157' title='bbox 619 1983 748 2029; x_wconf 84' lang='lat' dir='ltr'><strong>voluntate.</strong></span> 
     </span>
    </p>

    <p class='ocr_par' dir='ltr' id='par_1_13' title="bbox 79 2059 283 2106">
     <span class='ocr_line' id='line_1_24' title="bbox 79 2059 283 2106; baseline -0.005 -2"><span class='ocrx_word' id='word_1_158' title='bbox 79 2063 104 2104; x_wconf 86' lang='lat' dir='ltr'><strong>t0</strong></span> <span class='ocrx_word' id='word_1_159' title='bbox 117 2062 142 2106; x_wconf 93' lang='lat' dir='ltr'><strong>ln</strong></span> <span class='ocrx_word' id='word_1_160' title='bbox 155 2059 283 2105; x_wconf 88' lang='lat' dir='ltr'><strong>intellectu.</strong></span> 
     </span>
    </p>

    <p class='ocr_par' dir='ltr' id='par_1_14' title="bbox 49 2132 812 2569">
     <span class='ocr_line' id='line_1_25' title="bbox 77 2132 800 2192; baseline 0 -13"><span class='ocrx_word' id='word_1_161' title='bbox 77 2135 163 2179; x_wconf 89' lang='lat' dir='ltr'><strong>Primo.</strong></span> <span class='ocrx_word' id='word_1_162' title='bbox 180 2132 334 2192; x_wconf 87' lang='lat' dir='ltr'><strong>Supponenda</strong></span> <span class='ocrx_word' id='word_1_163' title='bbox 347 2132 449 2191; x_wconf 79' lang='lat' dir='ltr'><strong>vulgaris</strong></span> <span class='ocrx_word' id='word_1_164' title='bbox 469 2133 552 2179; x_wconf 82' lang='lat' dir='ltr'><strong>divisio</strong></span> <span class='ocrx_word' id='word_1_165' title='bbox 573 2133 698 2179; x_wconf 87' lang='lat' dir='ltr'><strong>voluntatis</strong></span> <span class='ocrx_word' id='word_1_166' title='bbox 714 2133 800 2179; x_wconf 73' lang='lat' dir='ltr'><strong>divina</strong></span> 
     </span>
     <span class='ocr_line' id='line_1_26' title="bbox 50 2207 811 2268; baseline 0 -15"><span class='ocrx_word' id='word_1_167' title='bbox 50 2211 155 2268; x_wconf 83' lang='lat' dir='ltr'><strong>quamvis</strong></span> <span class='ocrx_word' id='word_1_168' title='bbox 173 2210 249 2255; x_wconf 88' lang='lat' dir='ltr'><strong>unicae</strong></span> <span class='ocrx_word' id='word_1_169' title='bbox 267 2214 290 2253; x_wconf 91' lang='lat' dir='ltr'><strong>et</strong></span> <span class='ocrx_word' id='word_1_170' title='bbox 306 2207 425 2266; x_wconf 86' lang='lat' dir='ltr'><strong>simplicis,</strong></span> <span class='ocrx_word' id='word_1_171' title='bbox 436 2208 460 2251; x_wconf 90' lang='lat' dir='ltr'><strong>in</strong></span> <span class='ocrx_word' id='word_1_172' title='bbox 472 2208 615 2253; x_wconf 82' lang='lat' dir='ltr'><strong>voluntatem</strong></span> <span class='ocrx_word' id='word_1_173' title='bbox 631 2207 770 2266; x_wconf 83' lang='lat' dir='ltr'><strong>beneplaciti</strong></span> <span class='ocrx_word' id='word_1_174' title='bbox 788 2214 811 2253; x_wconf 90' lang='lat' dir='ltr'><strong>et</strong></span> 
     </span>
     <span class='ocr_line' id='line_1_27' title="bbox 50 2282 812 2341; baseline -0.004 -14"><span class='ocrx_word' id='word_1_175' title='bbox 50 2284 194 2329; x_wconf 88' lang='lat' dir='ltr'><strong>voluntatem</strong></span> <span class='ocrx_word' id='word_1_176' title='bbox 214 2284 282 2341; x_wconf 81' lang='lat' dir='ltr'><strong>signi.</strong></span> <span class='ocrx_word' id='word_1_177' title='bbox 306 2282 341 2327; x_wconf 84' lang='lat' dir='ltr'><strong>Ad</strong></span> <span class='ocrx_word' id='word_1_178' title='bbox 359 2282 461 2340; x_wconf 80' lang='lat' dir='ltr'><strong>quinque</strong></span> <span class='ocrx_word' id='word_1_179' title='bbox 478 2282 573 2340; x_wconf 81' lang='lat' dir='ltr'><strong>vuigata</strong></span> <span class='ocrx_word' id='word_1_180' title='bbox 592 2282 666 2340; x_wconf 81' lang='lat' dir='ltr'><strong>signa,</strong></span> <span class='ocrx_word' id='word_1_181' title='bbox 681 2294 734 2341; x_wconf 74' lang='lat' dir='ltr'><strong>qum</strong></span> <span class='ocrx_word' id='word_1_182' title='bbox 758 2289 812 2326; x_wconf 86' lang='lat' dir='ltr'><strong>sunt</strong></span> 
     </span>
     <span class='ocr_line' id='line_1_28' title="bbox 49 2347 812 2417; baseline 0 -16"><span class='ocrx_word' id='word_1_183' title='bbox 49 2349 182 2416; x_wconf 82' lang='lat' dir='ltr'><strong>praeceptio,</strong></span> <span class='ocrx_word' id='word_1_184' title='bbox 192 2357 325 2417; x_wconf 88' lang='lat' dir='ltr'><strong>prohibitio,</strong></span> <span class='ocrx_word' id='word_1_185' title='bbox 340 2347 469 2410; x_wconf 87' lang='lat' dir='ltr'><strong>consilium,</strong></span> <span class='ocrx_word' id='word_1_186' title='bbox 481 2355 604 2415; x_wconf 88' lang='lat' dir='ltr'><strong>permissio</strong></span> <span class='ocrx_word' id='word_1_187' title='bbox 615 2360 638 2400; x_wconf 88' lang='lat' dir='ltr'><strong>et</strong></span> <span class='ocrx_word' id='word_1_188' title='bbox 649 2357 761 2415; x_wconf 83' lang='lat' dir='ltr'><strong>operatio,</strong></span> <span class='ocrx_word' id='word_1_189' title='bbox 775 2357 812 2401; x_wconf 85' lang='lat' dir='ltr'><strong>ad·</strong></span> 
     </span>
     <span class='ocr_line' id='line_1_29' title="bbox 49 2431 812 2492; baseline -0.004 -15"><span class='ocrx_word' id='word_1_190' title='bbox 49 2431 149 2478; x_wconf 87' lang='lat' dir='ltr'><strong>dendum</strong></span> <span class='ocrx_word' id='word_1_191' title='bbox 164 2437 199 2489; x_wconf 88' lang='lat' dir='ltr'><strong>est</strong></span> <span class='ocrx_word' id='word_1_192' title='bbox 214 2437 314 2486; x_wconf 83' lang='lat' dir='ltr'><strong>sextum,</strong></span> <span class='ocrx_word' id='word_1_193' title='bbox 320 2443 402 2491; x_wconf 91' lang='lat' dir='ltr'><strong>nempe</strong></span> <span class='ocrx_word' id='word_1_194' title='bbox 412 2431 536 2486; x_wconf 87' lang='lat' dir='ltr'><strong>dissuasio,</strong></span> <span class='ocrx_word' id='word_1_195' title='bbox 546 2443 600 2492; x_wconf 83' lang='lat' dir='ltr'><strong>quae</strong></span> <span class='ocrx_word' id='word_1_196' title='bbox 610 2431 706 2477; x_wconf 85' lang='lat' dir='ltr'><strong>consitio</strong></span> <span class='ocrx_word' id='word_1_197' title='bbox 726 2432 812 2476; x_wconf 77' lang='lat' dir='ltr'><strong>adver-</strong></span> 
     </span>
     <span class='ocr_line' id='line_1_30' title="bbox 50 2505 811 2569; baseline -0.001 -16"><span class='ocrx_word' id='word_1_198' title='bbox 50 2513 122 2561; x_wconf 80' lang='lat' dir='ltr'><strong>satur,</strong></span> <span class='ocrx_word' id='word_1_199' title='bbox 136 2515 164 2554; x_wconf 91' lang='lat' dir='ltr'><strong>et·</strong></span> <span class='ocrx_word' id='word_1_200' title='bbox 182 2508 331 2569; x_wconf 70' lang='lat' dir='ltr'><strong>adaequatam</strong></span> <span class='ocrx_word' id='word_1_201' title='bbox 354 2505 491 2552; x_wconf 90' lang='lat' dir='ltr'><strong>divisionem</strong></span> <span class='ocrx_word' id='word_1_202' title='bbox 505 2507 570 2564; x_wconf 83' lang='lat' dir='ltr'><strong>facit,</strong></span> <span class='ocrx_word' id='word_1_203' title='bbox 583 2512 605 2553; x_wconf 87' lang='lat' dir='ltr'><strong>et</strong></span> <span class='ocrx_word' id='word_1_204' title='bbox 625 2512 662 2552; x_wconf 86' lang='lat' dir='ltr'><strong>ter</strong></span> <span class='ocrx_word' id='word_1_205' title='bbox 682 2508 811 2567; x_wconf 78' lang='lat' dir='ltr'><strong>germinam</strong></span> 
     </span>
    </p>
   </div>
   <div class='ocr_carea' id='block_1_6' title="bbox 74 2671 602 2809">
    <p class='ocr_par' dir='ltr' id='par_1_15' title="bbox 74 2671 602 2809">
     <span class='ocr_line' id='line_1_31' title="bbox 74 2671 602 2729; baseline -0.002 -9"><span class='ocrx_word' id='word_1_206' title='bbox 74 2681 100 2729; x_wconf 75' lang='lat' dir='ltr'><strong>(t)</strong></span> <span class='ocrx_word' id='word_1_207' title='bbox 108 2682 156 2720; x_wconf 82' lang='lat' dir='ltr'><strong>ibid.</strong></span> <span class='ocrx_word' id='word_1_208' title='bbox 165 2671 215 2719; x_wconf 72' lang='lat' dir='ltr'><strong>invi.</strong></span> <span class='ocrx_word' id='word_1_209' title='bbox 467 2683 493 2728; x_wconf 74' lang='grc'><strong>(2)</strong></span> <span class='ocrx_word' id='word_1_210' title='bbox 502 2684 547 2719; x_wconf 86' lang='lat' dir='ltr'><strong>Luc.</strong></span> <span class='ocrx_word' id='word_1_211' title='bbox 556 2692 602 2719; x_wconf 82' lang='lat' dir='ltr'><strong>xxii.</strong></span> 
     </span>
     <span class='ocr_line' id='line_1_32' title="bbox 273 2767 588 2809; baseline 0 -2"><span class='ocrx_word' id='word_1_212' title='bbox 273 2768 417 2809; x_wconf 77' lang='lat' dir='ltr'><strong>Pnrirnmrna.</strong></span> <span class='ocrx_word' id='word_1_213' title='bbox 431 2768 511 2808; x_wconf 84' lang='lat' dir='ltr'><strong>Exnnc.</strong></span> <span class='ocrx_word' id='word_1_214' title='bbox 522 2789 549 2798; x_wconf 90' lang='lat'><em>-</em></span> <span class='ocrx_word' id='word_1_215' title='bbox 563 2767 588 2808; x_wconf 78' lang='lat'><strong>13</strong></span> 
     </span>
    </p>
   </div>
   <div class='ocr_carea' id='block_1_7' title="bbox 0 0 870 2908">
    <p class='ocr_par' dir='ltr' id='par_1_16' title="bbox 0 0 870 2908">
     <span class='ocr_line' id='line_1_33' title="bbox 0 0 870 2908; baseline 0 0"><span class='ocrx_word' id='word_1_216' title='bbox 0 0 870 2908; x_wconf 95' lang='lat' dir='ltr'><strong> </strong></span> 
     </span>
    </p>
   </div>
  </div>
 </body>
</html>
