1715 2908
182 207 307 246 succuum
325 210 493 246 anconitana
518 211 602 247 nonus
723 193 770 245 197

15 304 117 352 moribus
128 313 154 353 ut
164 321 236 356 vorax
252 316 275 355 et
286 314 379 372 potator
389 310 445 366 vini,
460 323 487 356 ac
498 309 595 356 violator
605 306 714 364 Sabbati3
727 308 769 353 de-

15 382 84 440 nique
102 389 224 431 accusatus
237 391 262 431 ut
276 385 417 442 malefactor,
432 391 463 441 et,
474 385 697 445 publicasentcutia,
713 383 771 428 duos

15 459 75 503 inter
86 457 186 505 latrones
204 461 335 518 crucifixus,
348 467 371 508 et
383 462 417 508 sic
433 468 550 508 saturatus
568 459 706 523 opprobriis,
719 472 772 520 quac

15 533 109 592 proinde
119 535 250 595 appetebat.
679 557 682 560 ⁴
740 537 742 541 ⁴

44 610 147 668 Apostoli
158 611 191 656 ita
202 611 264 657 docti
274 624 316 658 nos
326 613 412 671 pariter
424 613 552 658 docuerunt
563 611 633 658 verbo
651 616 674 658 et
688 622 767 656 exem-

15 682 50 742 plo
61 698 66 727 :
78 682 146 730 Furti
165 691 272 745 tuaquom
287 692 437 746 purpomcutu
454 686 520 746 lupus
537 686 617 732 muudi
631 691 652 732 et
671 684 769 731 omnium

14 757 138 817 peripsema
150 759 186 819 (l).
200 760 230 806 Et
239 759 303 806 ibunt
316 762 460 822 puudcutcoo
473 767 587 822 conspectu
597 761 702 814 Conrllli,
715 759 770 820 quic

15 831 78 891 stipiti
91 832 163 879 latlu'
180 842 232 881 suut
248 850 291 895 pro
311 837 401 883 nomine
420 837 474 882 Jesu
491 835 647 883 contumelium
663 835 714 894 putt¹
732 835 769 895 [212.

15 907 76 954 Idem
89 907 193 955 lecerunt
204 912 249 958 viri
257 925 336 958 omnes
346 913 474 974 apostolici,
487 919 510 958 et
520 913 587 972 primi
597 914 677 958 Patres
687 911 770 955 nostri.

43 983 159 1031 Puncrmu
178 986 216 1031 ΙΙΙ.
231 1012 257 1020 -
270 987 349 1033 Mundi
363 992 508 1046 contemptus
523 986 553 1033 ad
564 985 665 1032 fructum
680 985 771 1031 anima-

16 1070 65 1102 rum
76 1071 228 1106 necessarius.

43 1133 69 1175 lo
79 1133 212 1180 Laudabilis
223 1134 316 1195 quidem
332 1136 412 1181 mundi
424 1135 570 1195 contemptus
578 1134 603 1180 in
614 1134 643 1180 iis
652 1134 692 1194 qui
702 1146 772 1179 mun-

15 1206 69 1252 dum
81 1206 180 1267 lugiunt,
194 1216 217 1254 et
229 1209 253 1253 in
265 1209 413 1256 solitudinem
424 1223 448 1255 se
466 1209 566 1266 abdunt;
580 1209 621 1255 sed
633 1207 772 1253 laudabilior

16 1279 86 1325 multo
104 1280 128 1325 in
143 1282 172 1326 iis
190 1283 230 1342 qui
244 1283 267 1327 in
285 1284 334 1342 ipso
353 1283 438 1329 mundo
457 1285 574 1341 degentes
588 1284 655 1342 eique
668 1282 736 1327 utiles
749 1286 773 1326 et

16 1354 170 1412 admirabiles,
184 1357 234 1415 ejus
244 1356 326 1416 plausu
338 1361 362 1403 et
372 1357 451 1404 lavore
462 1371 507 1404 uon
520 1361 654 1415 tanguntur,
668 1355 709 1402 sed
720 1368 784 1418 om·-

16 1429 51 1473 nia
64 1443 117 1489 quae
128 1431 178 1490 ejus
190 1436 251 1486 sunt,
262 1430 392 1486 fastidiunt,
407 1445 481 1491 neque
495 1432 574 1477 mundi
586 1430 623 1478 vel
636 1430 723 1486 favore,
735 1430 772 1477 vel

16 1502 97 1550 timore
106 1516 120 1551 a
130 1504 211 1565 gloriae
220 1505 262 1552 Dei
271 1507 433 1566 procuratione
443 1506 608 1567 impediuntur.

44 1583 69 1626 20
87 1580 238 1641 Contemptus
252 1595 329 1641 opum,
346 1582 460 1629 honorum
478 1583 588 1638 omnium,
601 1594 654 1642 quae
672 1580 772 1626 mundus

15 1661 84 1710 amat,
97 1656 121 1700 in
139 1656 229 1702 Christo
251 1664 274 1702 et
292 1657 408 1717 Apostolis
428 1657 540 1703 mundum
553 1658 630 1716 ipsum
646 1655 771 1702 convertit.

14 1730 77 1776 Idem
94 1731 117 1777 in
132 1732 190 1780 viris
206 1732 338 1792 apostolicis
354 1733 484 1792 Principum
499 1731 577 1779 saeculi
595 1732 771 1778 admirationem

15 1806 106 1863 meruit,
121 1814 144 1852 et
153 1807 176 1851 in
188 1807 267 1865 primis
280 1807 386 1853 Patribus
399 1809 484 1853 nostris
495 1799 659 1854 auctoritatem
670 1807 771 1866 peperit,

16 1894 59 1938 qua
69 1881 173 1928 Societas
181 1887 260 1928 nostra
269 1889 350 1941 postea
363 1884 442 1942 gavisa
455 1890 498 1928 cst.

44 1958 69 1999 30
79 1957 110 2002 Ut
121 1963 250 2003 mundanos
273 1956 363 2003 Christo
380 1957 484 2010 lucreris,
498 1969 592 2002 necesse
609 1961 690 2011 estut,
703 1960 726 2000 et
737 1962 769 2004 tc,

15 2033 37 2072 et
49 2043 75 2075 ea
88 2044 141 2090 quae
160 2031 272 2090 praedicas
290 2030 462 2088 magnifaciant.
476 2030 578 2087 Quorum
590 2035 698 2075 neutrum
714 2042 771 2075 con-

15 2106 117 2162 sequeris
130 2106 179 2150 sine
191 2106 281 2150 sincero
293 2112 316 2151 et
328 2105 449 2151 manifesto
462 2105 542 2150 mundi
554 2112 696 2163 contemptu.
710 2104 772 2149 illun-

15 2176 67 2224 dani
80 2180 141 2225 enim
152 2180 318 2239 magnifaciunt
328 2185 585 2239 contemptoreseorum
597 2191 650 2239 quae
658 2179 703 2239 ipsi
711 2180 772 2225 aesti-

16 2260 85 2307 mant,
100 2259 123 2299 et
133 2254 230 2300 credunt
243 2255 336 2300 tandem
355 2268 382 2300 ea
392 2268 446 2300 vere
465 2268 515 2300 esse
528 2253 704 2309 contemnenda,
718 2267 771 2315 qum

15 2328 92 2374 uident
104 2329 132 2374 ab
144 2331 201 2389 ipsis
210 2335 343 2376 constanter
355 2331 480 2377 contemni.
494 2330 572 2377 Glcrc'u
585 2329 695 2378 uirtutem
710 2331 770 2376 uelut

16 2403 93 2448 ontbru
107 2418 190 2463 corpus
204 2405 307 2464 sequutum
322 2409 343 2450 el
361 2405 498 2464 appetitores
512 2407 548 2452 sul
563 2405 672 2462 deserens,
685 2405 771 2465 oppetit

16 2483 179 2536 coutemptores.
194 2479 217 2524 S.
228 2480 322 2525 Hieron.

44 2552 187 2611 Colloquium
199 2567 240 2613 pro
253 2554 345 2599 affectu.

39 2699 64 2744 (l)
73 2701 81 2736 Ι
89 2701 172 2738 Corinth.
