1715 2908
210 191 321 226 summm
331 184 499 227 antummum
525 179 633 233 coluros
753 176 804 228 273

43 286 97 333 huic
109 289 194 335 actioni
203 290 337 350 proprium3
351 289 448 346 scilicet,
461 294 551 336 naturae
564 284 804 337 necessitatisatisia-

43 377 104 419 cere,
118 371 141 411 et
156 364 331 424 virescorporis
341 367 370 412 ad
380 366 517 426 obsequium
530 367 568 412 Dei
580 370 697 426 reparare.
711 393 713 399 ι
731 375 732 378 ’

73 443 99 486 2⁰
119 440 162 485 De
154 447 253 486 ermina
276 443 383 501 quantita
370 448 431 487 atem
449 435 546 486 vcibit
524 447 634 501 ett¹pous
657 441 801 489 sumendam

43 527 114 573 quam
124 528 243 575 nunquam
253 515 359 562 excedas.

73 592 99 634 30
122 590 231 636 Laranda
251 604 341 647 manus,
362 593 424 652 cogit
426 605 440 638 a
454 591 532 651 punita
534 598 581 637 tem
597 594 753 639 necessariam
774 553 802 666 ad

43 665 175 710 convivium
185 664 268 711 Christ
253 673 278 721 t,r
291 671 313 711 et
324 666 352 711 ad
363 680 454 713 eoenam
467 666 500 711 rit
502 680 522 712 aa
534 673 636 714 aeternae.

73 741 98 784 4⁰
110 741 205 786 Praemit
197 747 230 785 tte
247 740 361 787 benedict
346 747 431 786 tionem
451 741 543 787 solitam
564 755 615 787 cum
627 744 765 788 reverentia
780 746 803 786 et

42 813 173 870 devotione,
186 816 305 875 perpensis
324 817 421 876 singulis
440 816 536 862 vocibus
545 832 555 873 ;4
564 817 640 876 cogita
660 818 714 877 quid
731 818 802 863 faciet

42 890 104 935 Deus
122 888 175 935 cum
191 892 282 937 Sanctis
299 892 347 937 suis
365 891 561 945 recumbentibus,
577 891 669 951 quando
687 894 802 939 transiens

43 965 184 1012 ministrabit
196 965 250 1013 illis.

72 1043 98 1086 50
108 1043 192 1089 Mensae
202 1042 349 1100 accumbens,
361 1048 415 1089 aute
426 1042 592 1089 comestionem
603 1045 705 1090 animum
716 1042 802 1089 tantis-

41 1132 83 1178 per
93 1118 182 1178 collige,
197 1124 221 1165 et
230 1117 284 1166 uide
294 1133 323 1165 ne
331 1125 445 1179 vagentur
456 1119 525 1166 oculi.

71 1195 100 1240 ΙΙ.
113 1220 141 1229 -
154 1189 236 1240 iamin
249 1194 375 1241 refectione
388 1197 498 1254 corporis,

72 1270 206 1315 l00mnino
225 1270 354 1315 curandum
366 1276 401 1315 est
420 1276 445 1314 ut
465 1271 627 1330 temperantia,
646 1270 802 1317 modestiaet

41 1345 147 1391 decentia
163 1334 269 1390 servetur
287 1347 310 1389 in
327 1345 523 1404 omnibus;·juxta
536 1346 646 1404 regulam
657 1346 802 1406 trigesimam

41 1420 174 1466 Summarii.
758 1459 760 1461 .

71 1499 97 1542 20
109 1495 170 1540 Cave
190 1508 219 1539 ne
233 1494 324 1540 animus
342 1494 473 1539 effundatur
487 1508 556 1553 super
572 1495 644 1549 cibos,
657 1495 699 1540 sed
712 1508 802 1554 sempor

41 1571 167 1616 domineris
179 1569 304 1631 appetitui:
314 1574 337 1613 et
347 1582 481 1614 mensuram
491 1570 545 1623 cibi,
554 1578 576 1614 et
589 1569 696 1615 sumendi
710 1570 803 1615 modum

41 1659 86 1690 una
100 1652 210 1705 tempera.

71 1724 97 1766 30
108 1720 171 1780 Fuge
184 1719 338 1766 inordinatam
349 1720 523 1773 comestionem,
533 1719 556 1765 in
567 1732 612 1779 qua
622 1719 716 1780 peccari
727 1723 803 1778 potest

41 1796 214 1858 multipliciter;
227 1800 276 1842 tum
295 1802 402 1856 exparte
419 1795 473 1849 cibi,
488 1792 556 1855 (sicut
574 1802 597 1840 et
613 1795 688 1855 potus)
705 1795 729 1840 iu
746 1793 802 1841 sub-

40 1872 288 1933 stantia,'quantitate,
303 1871 428 1932 qualitate,
443 1880 493 1917 tum
510 1872 632 1933 aviditate,
644 1871 800 1927 festinatione,

40 1950 167 2008 voluptate.

70 2027 96 2070 4⁰
119 2025 193 2082 Juuge
214 2037 305 2083 semper
329 2022 431 2083 aliquam
453 2021 624 2077 abstinentiam,
638 2021 745 2067 vincendi
768 2022 802 2067 tui

40 2113 122 2151 causa:
135 2099 185 2145 haec
205 2105 282 2144 autem
301 2085 377 2143 minus
393 2099 455 2143 circa
474 2110 564 2157 panem,
577 2098 651 2156 magis
668 2096 731 2143 circa
747 2097 802 2156 pul-

41 2180 127 2229 menta,
139 2182 162 2219 et
180 2174 274 2233 quidem
292 2173 417 2232 sapidiora,
431 2171 532 2217 maxime
545 2170 622 2217 autem
640 2171 704 2217 circa
719 2177 802 2231 potum

40 2249 129 2295 attendi
140 2254 163 2293 et
175 2249 264 2294 servari
275 2247 350 2300 debet,
364 2260 496 2293 mensuram
514 2245 555 2292 tibi
572 2246 750 2292 conuenientem
762 2260 801 2293 re-

40 2324 152 2383 gulariter
163 2336 209 2368 uon
220 2315 365 2368 excedendo,

70 2399 110 2445 ΙΙΙ.
123 2423 151 2433 -
164 2398 224 2444 Dum
240 2410 324 2458 corpus
336 2396 425 2443 edendo
443 2396 554 2450 reficitur,
568 2409 610 2442 sua
626 2394 698 2443 etiam
718 2396 802 2442 auimae

41 2475 136 2522 refectio
146 2475 269 2532 tribuatur,
284 2479 309 2521 ut
321 2473 378 2520 dicit
390 2473 470 2533 regula
484 2487 489 2518 :
504 2463 565 2535 quod
581 2472 608 2518 fit
626 2473 744 2520 ordinarie
763 2478 800 2519 at-

42 2551 156 2599 tendendo
167 2550 261 2598 leotioui
273 2550 323 2597 fieri
336 2550 410 2596 solitae
424 2562 494 2610 super
509 2561 624 2606 mensam;
636 2547 682 2609 uel,
697 2548 717 2595 si
732 2548 801 2604 desit,

40 2627 77 2676 his
87 2634 111 2675 et
122 2627 173 2674 aliis
185 2628 230 2690 piis
242 2625 474 2675 considerationibus.

72 2707 98 2750 lo
112 2703 197 2753 Christi
217 2716 270 2751 cum
287 2702 336 2750 suis
354 2701 479 2762 Discipulis
496 2700 652 2760 comedentis,
661 2698 805 2765 attendendo
