1715 2908
212 36 215 58 1

202 149 306 201 nnumin
323 163 493 212 HEBDOMADAE
512 163 608 199 snxrus
738 145 788 196 275

26 265 218 311 declaraturreus
229 264 291 311 laesee
303 264 440 324 llejestatis,
452 264 535 323 capitis
548 265 746 317 damnetur,mox
757 261 788 306 ul·

14 336 15 339 ’
26 341 83 386 timo
96 340 209 400 supplicio
220 339 363 385 afficiendus.
374 341 425 387 Rex
434 340 499 398 Jurat
511 339 586 386 scelus
597 349 665 386 atrox
674 339 788 396 sanguine

24 415 191 461 ulciscendum.
372 402 375 407 ¹
460 414 462 416 ’
605 427 607 429 ·
685 408 687 412 ’

55 494 81 537 2⁰
92 490 172 535 Rescit
183 488 228 533 hoo
237 488 344 548 princeps
350 488 412 534 filius
422 487 492 547 Regis
502 489 592 543 unicus,
603 488 677 547 patris
688 486 787 538 deliciae‚

26 572 49 611 et
66 564 309 621 haeres-designutirs3
328 563 390 609 serui
410 564 455 621 sui,
470 563 525 609 licet
544 563 788 623 immerentisemore

25 647 115 701 ceptus,
129 640 206 697 ipsum
222 637 317 685 salvare
330 639 477 698 aggreditur3
487 644 581 699 patrem
602 639 660 696 adit,
673 638 788 684 instanter
820 676 822 686 ξ

26 717 55 764 ab
67 730 94 762 eo
108 715 166 776 petit
177 727 250 762 unum
270 713 357 775 aliquid
370 715 414 761 sibi
425 715 529 761 concedi.
540 715 661 761 Promittit
678 715 728 762 Rex
745 713 788 760 sub

23 795 166 854 juramento,
177 804 202 838 se
212 790 244 836 illi
259 790 347 851 petenti
363 790 477 852 quidquid
496 792 598 852 potuerit
613 790 786 838 concessurum.

26 870 90 915 Tunc
104 869 214 928 Princeps
224 866 325 928 postulat
338 866 419 914 donari
430 867 474 912 sibi
494 866 566 913 vitum
585 869 646 913 serui
659 868 708 925 sui;
723 875 746 913 et
763 872 789 912 ut

26 943 126 988 satisfiet
134 943 265 1002 juramento
278 942 348 1002 Regis
358 950 389 988 «et
399 942 515 990 uindictae
528 942 637 1003 p'ublicae,
646 944 713 990 offert
724 957 756 989 se·
764 943 789 988 iu

26 1023 124 1063 mortem
139 1031 182 1078 pro
193 1031 260 1064 servo
277 1031 328 1064 suo.
341 1019 390 1065 Rex
402 1018 512 1078 utrinque
526 1019 659 1078 juramento
676 1032 718 1065 suo
731 1032 789 1065 eon-

27 1094 129 1152 strictus,
147 1093 209 1154 aegre
218 1094 341 1146 consentit,
354 1098 378 1139 et
390 1093 472 1139 durem
484 1093 687 1154 legem-‘acceptat

57 1173 82 1216 3⁰
94 1171 166 1229 Urget
179 1172 254 1215 denuo
265 1170 382 1228 Princeps,
397 1171 465 1215 morti
478 1169 605 1228 proximus,
620 1178 642 1215 et
660 1184 731 1214 unum
748 1184 789 1229 per

27 1259 129 1291 umorem
139 1250 262 1304 paternum
274 1243 319 1289 sibi
329 1244 425 1289 concedi
435 1243 534 1303 flagitat,
549 1245 658 1289 nimirum
673 1252 697 1290 ut
709 1259 790 1290 servus

27 1320 65 1366 ille
77 1320 128 1366 loco
139 1320 175 1364 sui
182 1319 320 1381 edometur,
335 1327 358 1365 et
378 1320 452 1365 baeres
470 1321 535 1378 regni
554 1320 699 1364 instituatur.
724 1319 789 1375 Quod

27 1409 68 1441 rex
80 1394 262 1441 charissimifilii
277 1394 339 1439 votis
351 1398 375 1439 et
386 1393 497 1453 lacrymis
516 1394 631 1454 denegare
650 1408 695 1440 non
713 1400 789 1455 potest

57 1472 83 1516 40
97 1470 161 1515 Tunc
177 1469 287 1528 Princeps
304 1469 373 1515 laetos
394 1468 471 1529 prodit
495 1469 524 1514 ad
537 1470 694 1529 supplicium.
718 1470 790 1516 Seruo

27 1545 133 1593 nunciari
147 1544 214 1605 jubet
230 1557 256 1591 se
275 1557 329 1591 mox
344 1558 385 1605 pro
404 1544 454 1606 ipso
467 1545 612 1601 moriturum,
625 1552 651 1591 ut
663 1544 696 1591 illi
708 1547 788 1602 vitam,

27 1624 135 1679 salutem,
144 1620 218 1682 'Regis
228 1623 335 1681 gratiam,
349 1629 372 1667 et
383 1634 491 1669 coronam
505 1628 607 1679 esserat3
619 1637 738 1684 unumque
748 1638 791 1685 pe-

28 1705 84 1754 tere,
99 1705 124 1744 ut
136 1699 172 1744 sui
182 1699 269 1757 jugiter
281 1698 419 1753 meminerit,
434 1711 505 1759 seque
519 1704 636 1745 amantem
649 1705 719 1746 emet.
762 1697 763 1703 ’

57 1776 83 1820 50
94 1774 135 1821 Ille
147 1770 203 1820 tunc
214 1772 295 1819 ludens
304 1787 358 1819 cum
368 1772 505 1833 aequulibus,
513 1787 557 1818 nec
569 1774 648 1819 ludum
661 1774 788 1828 dimittere,

28 1863 71 1897 nec
86 1850 181 1897 credere
193 1848 251 1905 vult,
264 1862 306 1894 nec
324 1847 449 1909 inquirere,
464 1850 583 1905 nuncium,
598 1849 644 1894 imo
661 1850 790 1909 Principem

28 1926 105 1987 ipsum
113 1924 298 1972 verbislacessit.
307 1924 360 1969 llox
367 1923 425 1968 liber
432 1923 541 1969 dimissus
548 1937 561 1968 e
568 1924 682 1979 custodie,
694 1925 791 1970 audieus

30 2002 155 2047 tumultum
167 2014 220 2047 cum
238 1999 289 2046 aliis
301 1999 331 2045 ad
343 2000 503 2060 spectaculum
521 2001 631 2055 accurrit,
646 2013 674 2046 ac
691 2002 792 2060 primum

29 2076 112 2135 frigide
129 2079 232 2135 spectat3
246 2083 308 2131 mox,
324 2073 444 2121 lictoribus
463 2088 488 2119 se
506 2074 642 2134 adjungens,
660 2074 791 2136 Principem

29 2151 107 2199 uerbis
118 2156 142 2196 et
152 2151 227 2211 plagis
237 2155 326 2205 oneret,
337 2163 436 2209 eumque
445 2150 540 2195 tandem
548 2163 618 2195 manu
627 2163 669 2195 sua
678 2151 791 2210 trucidat.

60 2228 116 2286 Quis
126 2227 173 2274 tale
184 2228 240 2287 quid
251 2227 350 2274 audierit
367 2240 381 2273 a
400 2227 503 2273 saeculo‘l
514 2229 566 2288 quis
586 2229 661 2274 simile
679 2230 736 2289 quid
749 2230 794 2277 sibi
845 2225 848 2230 ¹

7 2307 8 2312 ’
30 2302 96 2348 finxit
114 2303 235 2362 unquam?
254 2304 303 2348 Hoc
314 2301 382 2362 plane
394 2302 538 2359 incredibile,
552 2317 595 2349 nec
607 2303 735 2351 verisimile
748 2312 792 2354 est.

31 2379 75 2425 Sed
85 2379 199 2438 fingamus
213 2379 247 2426 ita
259 2392 310 2425 esse
322 2393 326 2423 :
339 2378 395 2436 Quis
415 2378 529 2440 Principis
547 2379 608 2425 illius
624 2378 755 2427 bonitatem
770 2389 794 2428 et

32 2456 169 2502 charitatem
180 2455 203 2502 in
214 2463 307 2503 servum
317 2456 374 2502 satis
385 2454 529 2502 admiretur?
541 2456 597 2514 Quis
609 2457 680 2517 Regis
691 2457 794 2512 clemen-

33 2533 90 2579 tium
102 2541 126 2579 et
143 2533 240 2581 nimiam
256 2531 419 2580 liberalitatem
434 2531 492 2580 satis
505 2534 618 2580 extollet?
630 2534 673 2580 sed
690 2537 743 2597 quis
758 2537 795 2581 in-

18 2659 21 2664 ,
33 2608 96 2668 digni
106 2609 168 2656 illius
179 2610 299 2656 nebulonis
312 2609 423 2657 aduersus
432 2623 475 2672 eos
485 2610 686 2669 ingratitudinem,
700 2608 796 2657 erudeli·
840 2618 842 2621 ’

34 2688 154 2747 tatemque
163 2687 221 2734 satis
232 2686 369 2735 execretur?
382 2686 438 2748 quid
450 2692 477 2744 tu
487 2687 516 2733 de
528 2686 567 2734 illo
580 2687 694 2734 sentires?
