1715 2908
208 177 321 219 ouaarm
339 176 508 215 unenonanan
526 175 645 218 ouunrus
756 160 806 210 313

44 271 105 318 mino
115 270 201 331 fuctum
214 279 245 319 cst
257 272 327 326 istud,
340 277 360 317 et
373 278 405 318 est
420 270 525 316 mirabile
538 270 563 316 in
583 268 651 315 oculis
669 268 754 314 uostris
764 270 805 330 (ll,

45 354 68 393 et
80 348 201 394 innumera
211 347 277 393 nobis
290 347 403 393 mirabilia
414 346 536 407 pollicetur
546 351 570 391 et
580 344 706 406 portendit.

76 426 101 469 3⁰
114 423 164 470 Alii
174 428 249 469 cutem
258 421 390 477 irridenter,
402 421 503 467 dicebant
515 437 522 469 .·
533 421 607 481 Marto
615 420 679 482 pleni
693 426 747 467 sunt
758 420 805 466 isti.

45 499 170 559 Nunquam
182 498 265 543 desunt
278 498 334 544 tales
345 499 458 552 irrisores,
468 504 642 543 contemnentes
653 497 806 551 verbumDei,

46 581 69 619 et
80 574 197 620 ministros
211 574 260 633 ejus
278 574 400 620 irridentes
413 579 436 619 et
447 573 622 619 calumniantes.
635 574 679 619 Sed
695 574 746 620 haeo
760 579 808 618 tarn

46 650 110 694 varia
122 648 242 707 dispositio
252 648 367 693 homiuum
379 649 408 694 ad
420 649 515 693 verbnm
521 649 743 707 Evangelizantium,
755 662 808 707 quae

47 728 141 782 apparet
157 723 256 768 maxime
275 724 299 767 in
313 723 467 777 lllissionibus,
482 728 506 767 ut
523 723 645 781 Apostolos
662 737 708 768 non
727 723 809 768 deter-

46 798 100 850 ruit,
121 797 154 843 ita
175 811 217 842 nec
234 797 351 842 deterreat
371 798 543 857 praedicatores.
564 798 635 843 Simul
655 798 739 843 mirare
765 798 808 843 Dei

46 872 223 933 providentiam,
239 878 263 917 et
279 872 378 932 primam
394 873 461 931 Legis
479 872 620 931 evaugelicae
638 873 806 931 promulgatio-

47 946 174 1002 nem,ciros
185 962 212 992 en
224 947 284 992 omni
295 953 394 1000 untione,
408 947 565 1006 cirnaclano
577 954 616 999 cst,
625 955 805 1006 conprepuntem.

76 1023 193 1069 Puuornm
201 1022 242 1066 ΙΙΙ,
255 1048 282 1055 -
291 1021 358 1067 Stans
370 1027 443 1067 utitem
453 1021 536 1067 Petrus
547 1035 595 1066 cum
605 1021 717 1076 corruerim,
725 1022 808 1069 leuauit
846 1052 849 1057 -

46 1110 199 1142 ceramicum.

77 1173 102 1214 l0
115 1173 216 1229 Accepta
228 1170 357 1225 occasione,
370 1168 454 1215 refellit
468 1168 608 1215 calumniam
622 1169 750 1225 ebrietatis,
767 1171 808 1217 tali

41 1246 84 1291 die
97 1254 120 1292 et
128 1246 169 1293 tali
179 1246 236 1292 hora
246 1262 251 1290 z
262 1252 284 1292 et
296 1246 430 1291 effusionem
449 1246 548 1305 Spiritus
564 1246 642 1292 Sancti
664 1246 766 1293 ostendit
781 1262 810 1294 ex

47 1323 157 1381 propheta
168 1322 225 1368 Joet.
237 1324 295 1368 Turn
308 1322 419 1368 audacter
432 1322 477 1368 illis
495 1322 616 1368 annuntiat
632 1323 711 1369 lesum
731 1325 810 1370 cruci-

47 1397 125 1451 fixum,
133 1411 239 1455 arguens,
248 1397 378 1457 increpans,
387 1398 528 1456 exprobrans
540 1397 620 1443 illis'iu
633 1397 717 1444 faciem
729 1414 810 1446 necem

47 1473 104 1531 rpus,
119 1480 141 1518 et
155 1472 319 1532 exscriptoris
334 1472 432 1532 probans
448 1473 649 1527 resurrectionem,
662 1475 731 1520 simul
744 1476 810 1521 exci-

48 1553 98 1592 tans
115 1546 206 1593 illorum
226 1549 391 1607 ignorantiam3
410 1555 432 1592 et
449 1548 588 1593 concludit:
606 1548 736 1595 Certissima
758 1565 810 1611 erpo

46 1622 102 1668 scint
115 1623 187 1668 omnis
198 1622 276 1668 domus
290 1610 370 1677 Irrucl,
384 1623 441 1682 qiiod
454 1629 475 1669 et
486 1622 610 1669 Dominum
623 1638 681 1678 enm,
693 1631 715 1671 ct
728 1626 810 1672 Chris-

47 1704 94 1745 tum
110 1697 164 1757 feeit
174 1698 234 1744 Deua
244 1698 302 1744 imm
314 1699 399 1751 Jesam,
411 1712 474 1757 quem
485 1712 522 1744 ecs
531 1699 687 1758 crncifiairtir.
734 1743 735 1747 ,

78 1772 257 1827 comsumpta,
269 1773 459 1832 ccarpunrtiaunt
473 1774 545 1828 corde,
559 1781 579 1819 el
594 1775 704 1822 (licerent
717 1776 747 1821 ad
763 1777 809 1823 Pc-

48 1852 118 1900 trum,
129 1853 150 1893 et
160 1848 189 1892 od
201 1847 298 1906 reliquos
307 1848 440 1907 Apostolos:
452 1848 510 1902 Quid
522 1848 637 1908 faciemus,
646 1849 695 1895 ciri
704 1851 809 1909 fratres?

47 1920 78 1965 El
98 1921 180 1966 Petrus
193 1921 222 1966 cd
233 1922 297 1968 illos:
313 1922 470 1967 Paenitentiam
482 1923 548 1982 cpite,
560 1929 581 1969 et
593 1923 723 1982 baptizetur
736 1940 809 1971 arins-

48 2009 137 2055 puraquc
149 2003 248 2041 nestrum
260 1996 285 2042 iu
294 2010 381 2041 nomme
392 1996 485 2042 Domini
496 1997 558 2051 Jesu,
570 2004 591 2043 et
603 1998 717 2057 accipietis
726 1999 809 2046 donrim

47 2070 149 2129 Spiritus
165 2072 250 2117 Sancti
263 2071 386 2117 Solemniui
403 2071 572 2131 cpertcrationc
592 2073 633 2117 laur
649 2087 732 2131 prunc.
752 2076 809 2122 Haec

48 2147 186 2191 documenta
195 2146 297 2193 adverte.
310 2153 333 2191 et
345 2147 400 2192 data
413 2146 534 2191 occasione
549 2160 640 2206 usurpa

78 2222 103 2263 30
115 2218 158 2272 Qut
170 2234 221 2279 erpo
233 2227 363 2280 receperunt
381 2233 504 2265 scrunonem
515 2221 571 2278 ejnr,
585 2220 697 2279 baptizoti
712 2227 776 2277 sunt,
788 2229 810 2269 ct

48 2285 219 2352 apportatum
230 2295 256 2340 ic
273 2295 314 2341 illu
323 2295 359 2340 die
369 2294 450 2340 animm
466 2295 558 2340 circiter
571 2295 619 2341 triu
629 2295 704 2342 utillia
717 2297 754 2356 (a).
767 2298 809 2344 Hae

48 2368 156 2432 nimirum
172 2370 281 2428 primitiae
298 2369 455 2416 Sanctissimae
469 2370 586 2422 Trinitati,
600 2370 625 2416 in
637 2384 683 2430 qua
695 2371 809 2432 baptizati

48 2449 109 2500 sunt,
124 2444 275 2493 debebantur.

78 2519 303 2585 denominando
316 2535 356 2583 per
371 2522 481 2568 meritum
493 2522 586 2579 Christi,
600 2522 631 2571 ad
646 2522 744 2583 gloriam
756 2525 807 2583 Dei,

48 2597 215 2658 spiritumque
227 2598 288 2659 pleni
301 2602 367 2645 erant
379 2596 492 2658 Apostoli.

69 2689 95 2736 (l)
104 2688 173 2731 Psalm.
184 2699 240 2728 cxvu.
462 2689 489 2737 ta)
497 2689 537 2731 net.
547 2700 572 2728 u.
