1715 2908
189 217 315 257 sueonum
333 218 500 256 suspensura
528 220 644 261 QUARTUS
747 206 796 258 tao

39 319 170 373 congreget,
189 315 295 370 retineat,
317 316 446 372 confirmet,
463 326 604 377 promoveat,
630 317 742 377 perficiat.
763 319 796 363 hd

40 385 84 431 hoe
94 389 170 433 vocati
183 395 205 433 et
216 388 309 434 formati
318 394 371 435 sunt
382 390 498 451 Apostoli3
508 390 536 436 ad
548 391 591 436 hoc
602 405 644 436 nos
654 391 723 448 elegit
735 392 797 437 Dens

40 459 68 504 de
80 461 172 515 mundo,
187 469 210 507 et
222 463 314 508 vocavit
326 463 349 508 in
359 463 497 510 Societatem
511 463 560 509 Filii
573 465 620 522 sui;
636 472 660 510 nt
674 478 743 525 quam
757 479 797 523 per

40 535 161 594 Apostolos
172 542 195 582 et
206 532 285 583 Patres
297 544 388 584 nostros
398 538 563 600 perfectionem
575 539 598 585 in
608 554 648 586 nos
659 539 796 597 transmisit,

40 624 80 656 nos
93 611 197 658 eamdem
210 613 286 673 quoad
296 614 430 674 poterimus,
443 613 495 661 aliis
506 608 708 662 communicemus.

70 686 212 749 Colloquium
227 689 326 748 triplex:
341 690 369 736 ad
388 692 481 737 Beatam
494 691 620 750 Virginem,
634 693 660 737 ad
680 693 796 738 Christum

42 762 130 821 lilium,
144 764 173 810 ad
186 766 259 811 Deum
271 767 374 823 Patrern;
389 772 414 812 ut
424 766 494 811 hahet
505 765 613 812 Libellus.

311 917 339 962 ΙΙ,
356 917 526 963 tlEDlTATlO.

248 1014 376 1074 Apptieott'o
390 1002 534 1081 praecedentis
552 1015 588 1075 (l).

59 1097 114 1151 ¹Post
122 1112 225 1162 repetitam
233 1112 377 1162 praecedentem
389 1112 545 1163 meditationem,
556 1113 585 1152 sic
594 1112 689 1164 applicari
698 1119 797 1165 potestur

41 1161 93 1203 fictio
103 1165 183 1204 ueritati
196 1165 276 1204 serviat.

70 1254 194 1299 Puucrunr.
206 1253 224 1297 1.
246 1277 273 1286 -
291 1252 379 1298 Bellum
397 1251 482 1298 Christi
498 1265 550 1297 oum
569 1252 670 1299 diaholo.
690 1255 716 1297 l⁰
739 1256 798 1299 Ante

42 1326 158 1372 Christum
174 1325 287 1382 diabolus,
302 1331 379 1372 erecto
391 1326 505 1386 superbiae
520 1325 610 1382 vexillo,
625 1326 702 1389 palam
715 1327 799 1374 trium-

42 1402 127 1462 phabat
141 1403 164 1448 in
175 1403 273 1460 mund03
286 1407 312 1450 20
325 1402 429 1449 Christus
444 1402 539 1448 veniens
556 1404 699 1449 contrarium
718 1399 799 1451 salutis

43 1478 151 1525 vexillum
166 1478 246 1534 erexit,
260 1492 302 1539 per
320 1478 440 1539 stupendae
458 1478 608 1539 paupertatis,
620 1478 758 1526 humilitatis
776 1485 799 1527 et

43 1554 227 1601 mortificationis
237 1554 349 1615 exempla,
362 1553 536 1613 mirabilemque
551 1554 752 1613 praedicationem
766 1562 797 1611 et,

42 1629 68 1674 in
86 1629 158 1675 Gracc
177 1630 289 1676 exultatus
307 1642 321 1673 a
335 1634 408 1681 terre,
419 1627 581 1673 omnimtrncit
595 1628 625 1672 ccl
641 1642 662 1672 se
675 1628 749 1687 ipsum
759 1630 796 1690 (⁶2),

45 1703 200 1763 plurimosque
212 1705 239 1749 ad
250 1702 358 1748 vexilium
368 1703 448 1748 Crucis
457 1702 601 1762 sequendum
611 1702 734 1750 efficaciter
744 1718 798 1763 per-

42 1778 122 1835 duxit3
134 1782 160 1824 3⁰
173 1792 217 1823 non
228 1778 317 1823 destitit
330 1782 407 1823 tamen
417 1776 506 1823 daemon
523 1777 552 1822 ab
565 1777 671 1838 inceptis,
686 1779 725 1823 sed
737 1779 798 1824 mille

43 1853 131 1899 artibus
148 1859 170 1897 et
186 1853 246 1898 dolis
259 1852 329 1897 etiam
344 1851 472 1910 Religiosos
485 1852 514 1896 ad
532 1865 574 1898 sua
592 1859 668 1897 castra
690 1866 797 1899 revocare

43 1934 153 1982 conatur,
165 1941 212 1973 non
224 1928 273 1972 sine
281 1939 389 1971 successu
401 1940 406 1970 :
419 1926 447 1970 de
459 1938 504 1985 quo
515 1924 574 1979 dole,
588 1933 610 1971 et
621 1939 691 1972 care,

72 2004 188 2048 Puerorum
199 2003 228 2046 ll.
236 2027 263 2035 -
275 2003 316 2046 Per
327 1999 448 2057 Apostolos
459 1999 519 2044 idem
531 2005 690 2059 propagatum.
704 2002 730 2044 l⁰
741 2001 797 2047 Cum

41 2082 119 2135 posset
142 2076 257 2130 Christus,
280 2089 321 2135 per
344 2074 451 2132 seipsum,
476 2077 549 2120 totum
573 2073 692 2130 mundum,
716 2074 798 2122 saltem

42 2154 115 2195 totam
125 2151 229 2196 iudaeam
236 2154 370 2195 convertere
383 2154 405 2193 et
416 2147 543 2193 daemonem
555 2147 641 2208 uhique
652 2144 797 2209 expugnare,

42 2224 64 2272 id
77 2239 117 2289 per
127 2225 250 2286 Apostolos
262 2225 338 2271 lacere
350 2222 438 2279 maluit,
453 2222 536 2285 quihus
548 2222 674 2270 formandis
687 2229 749 2281 totus
761 2226 798 2272 in-

42 2301 129 2358 cubuit,
142 2307 168 2348 ut
178 2300 282 2348 homines
292 2314 332 2364 per
348 2299 452 2346 homines
460 2304 561 2359 caperet,
576 2298 666 2361 sibique
684 2313 799 2362 aggrega-

42 2383 77 2423 ret
90 2378 114 2424 in
129 2377 278 2438 opprobrium
293 2375 416 2433 daemonis‘3
426 2379 451 2423 2⁰
465 2375 487 2420 ld
505 2382 598 2422 strenue
615 2374 724 2422 fecerunt
735 2380 799 2437 Apo-

43 2453 95 2500 stoli
115 2446 156 2516 per
178 2466 210 2510 se,
234 2466 333 2510 suosque
353 2464 506 2506 successores,
530 2449 694 2511 perfectionem
715 2452 799 2499 Christi

44 2527 128 2575 mundo
152 2533 352 2587 repraesentantes,
375 2526 504 2571 doctrinam
531 2521 615 2584 ubique
635 2526 797 2584 praedicantes,

43 2599 134 2646 diabolo
145 2601 230 2647 hellutn
240 2602 372 2656 inferentes,
386 2601 461 2659 deque
477 2613 503 2644 eo
523 2600 704 2658 triumphantes;
718 2605 743 2646 30
754 2601 800 2647 illis

47 2728 223 2778 'tlthxltaudien
454 2726 588 2774 tattonem.
