1715 2908
207 137 332 173 strenuum
350 112 518 173 mennonium
543 135 639 173 saxeus
755 117 804 169 167

42 231 86 277 sub
97 232 142 287 dio,
153 233 215 278 humi
229 234 331 290 cubatio,
346 234 460 294 expositio
471 235 576 281 omnibus
588 234 641 281 coeli
654 233 755 292 solisque
767 233 803 276 in-

39 307 175 362 commodis,
186 308 272 368 vigiliae
280 314 404 369 perpetuae,
417 316 443 355 ut
455 322 502 356 non
514 310 565 370 plus
577 322 658 357 somno
669 321 740 370 quam
753 308 803 353 eiho

41 384 180 445 indulgeret,
191 391 315 445 possetque
323 385 401 432 dicere
413 399 466 432 oum
476 386 560 432 Jacob:
572 387 615 433 Die
627 391 736 446 noctuque
748 389 804 431 oestn

41 459 126 505 aretur
138 468 158 507 et
168 463 226 521 gelu,
239 461 380 523 fiigiebutqne
389 475 479 508 somnus
489 461 516 507 ob
526 462 595 507 oeulis
608 462 663 508 neeis
675 463 712 521 ll).

72 536 127 581 Haee
140 536 253 596 praeludia
266 537 322 582 vitae
339 537 484 596 apostolieae;
496 536 546 583 haee
565 537 639 583 media
657 539 731 583 Deum
749 534 803 591 sibi,

42 609 139 670 aliisque
151 611 306 671 propitiandi;
320 613 369 657 haeo
382 625 446 658 arma
458 611 551 668 Christi,
565 625 617 672 qnae
627 612 723 658 induere
734 610 803 657 debet

42 686 147 746 quisquis
159 700 213 732 eum
225 686 285 732 serio
298 687 411 747 seqnitur.

71 761 224 821 Colloquium.
237 763 290 807 Pete
302 763 324 807 in
343 764 439 809 tertium
451 764 544 821 annum,
558 767 582 808 et
599 763 622 807 in
634 766 707 808 totam
719 763 801 815 vitam,

42 836 156 896 triplicem
167 837 232 881 illum
250 837 357 895 spiritum
372 838 513 894 solitudinis,
527 837 647 894 orationis,
660 843 683 883 et
703 838 803 882 mortifi-

41 911 140 958 cationis
151 925 191 957 seu
204 913 356 958 austeritatis.

307 1064 346 1108 Ili.
364 1063 534 1109 ntautrnrlo.

276 1160 310 1205 De
326 1160 449 1206 tentatione
467 1159 571 1207 Gliristis
613 1213 619 1221 ι

67 1255 189 1293 Proelodinne
200 1257 218 1294 1.
227 1274 254 1284 -
263 1256 351 1294 Historia
366 1256 488 1306 evangeliea.

67 1331 189 1367 Praeteritum
199 1332 226 1368 Π.
237 1351 264 1358 -
274 1331 358 1369 Satanas
368 1331 404 1369 sub
414 1331 501 1369 humana
512 1331 577 1380 specie
587 1328 687 1369 Christum
702 1327 800 1366 adoritur.

69 1406 190 1506 Prgglgedtnm
200 1407 237 1442 III.
254 1394 284 1433 -’
298 1405 334 1443 Die
353 1405 462 1453 :Domine‚
476 1417 501 1443 ne
518 1417 554 1442 nor
571 1407 654 1443 induens
670 1406 694 1441 in
710 1405 803 1440 tentatio-

43 1467 87 1492 nem
129 1486 133 1496 ,

70 1545 186 1601 Pnuerun
196 1545 214 1588 1.
232 1568 259 1578 -
273 1545 378 1590 Christus
389 1549 500 1590 tentatus.
521 1571 525 1586 ,

70 1620 96 1662 l⁰
108 1618 195 1664 Dnetne
210 1619 279 1664 estin
298 1619 453 1672 deserturam
466 1623 596 1665 tentaretur
615 1631 630 1661 n
648 1614 735 1661 diabolo
753 1616 781 1674 (3)
794 1607 802 1662 'z

39 1690 138 1746 honest,
155 1701 179 1737 ut
190 1706 243 1737 eum
260 1694 289 1737 ad
306 1699 424 1738 certamen
434 1697 584 1753 provocaret3
594 1697 620 1737 ut
639 1689 743 1749 exemplo
761 1703 803 1736 suo

39 1766 106 1811 nobis
117 1767 211 1826 praeiret
221 1768 250 1813 ad
264 1768 419 1827 excipiendas,
432 1768 604 1827 vincendasque
614 1766 763 1821 tentationes,
777 1770 803 1810 ut

39 1842 135 1888 tentatis
145 1846 324 1904 compateretur,
338 1849 363 1890 ut
381 1841 480 1901 gratiam
498 1847 626 1888 mereretur
646 1840 677 1887 ad
693 1840 802 1887 resistere

39 1915 102 1962 dum.
114 1918 176 1962 Deus
188 1918 283 1977 qrridem
295 1918 410 1963 neminem
421 1922 504 1974 tentat,
515 1917 556 1963 sed
570 1917 629 1962 tilios
642 1929 696 1961 suos
709 1922 732 1961 et
744 1914 802 1961 alios

39 1993 124 2038 tentari
135 1994 257 2054 permittit,
272 1999 407 2038 nontamen
419 1993 481 2038 ultra
497 1992 520 2037 id
540 1991 602 2053 quod
621 1996 725 2051 possunt.
740 1991 803 2037 Con-

39 2066 92 2121 fide,
104 2071 159 2128 quia
171 2068 244 2128 fidelis
256 2075 289 2114 ert
299 2068 366 2123 Deus,
380 2069 420 2127 qni
432 2068 490 2128 feeit
505 2082 554 2114 enm
565 2067 687 2113 tentatione
703 2079 803 2125 prouen-

39 2146 95 2198 tnta,
108 2151 134 2190 at
145 2146 217 2203 pessis
227 2145 339 2190 sustinere
347 2144 388 2205 (li).
530 2151 531 2154 ’

68 2222 94 2265 2⁰
108 2219 249 2265 Tentnbutnr
263 2234 278 2265 o
293 2219 386 2265 Sntnnn.
409 2218 482 2275 Quem
499 2232 545 2264 nou
565 2217 650 2264 audeat
668 2221 768 2274 tentare,
782 2219 802 2265 si

40 2291 155 2340 Christum
166 2294 243 2355 ipsum
256 2294 407 2355 aggreditur?
418 2294 441 2340 Si
456 2293 542 2341 militie
552 2300 585 2342 eet
595 2293 644 2340 olto
654 2293 752 2339 hominis
762 2308 802 2339 sn-

38 2378 79 2424 per
95 2374 183 2416 terrene
195 2371 233 2431 (5),
245 2372 345 2419 maxime
356 2370 406 2418 vita
416 2369 553 2429 apostoliea.
564 2369 609 2416 Hie
619 2375 657 2416 est
671 2369 738 2416 eihus
752 2371 802 2429 ejus

61 2556 88 2600 (tl
96 2558 162 2595 Genes.
170 2568 221 2596 xxxi.
452 2557 479 2604 (t)
487 2557 495 2594 Ι
504 2557 589 2600 Corinth.
597 2563 619 2597 x.

62 2602 87 2647 (Ξ)
95 2604 162 2642 Matth,
172 2615 198 2641 m.
452 2602 480 2650 (ὃ)
487 2603 531 2643 Job.
540 2612 576 2644 tu.

62 2647 90 2694 (3)
99 2649 147 2687 ibid.
154 2659 182 2687 ia.
