1715 2908
42 158 107 209 ²224
195 177 196 180 ¹
233 173 311 208 *mus
328 173 465 209 mensurus
491 173 620 209 senonens

61 291 63 294 v
85 270 205 308 Proteum-m
214 271 252 309 ΙΙΙ.
261 289 288 298 -
298 269 345 309 Pete
354 270 435 310 intimos
444 270 487 321 ejus
498 280 568 309 sensus
578 280 636 310 nosse
647 275 666 310 et
675 268 768 311 induere.

89 351 205 404 Pouuruu
215 358 233 403 Ι.
247 383 275 392 -
285 359 426 420 Praeparatio
437 359 467 406 ad
477 359 615 419 ingressum.
702 419 704 421 Ι

10 468 12 471 .
78 435 115 480 ,(0
127 432 253 478 Ascensum
265 432 426 494 ,lerosolymam
440 434 477 492 (l),
492 433 514 479 in
530 436 567 479 via
577 446 682 493 gressum
693 431 816 496 accelerat,

60 514 83 553 et
93 508 159 567 longe
166 500 275 566 precedit
286 510 422 569 Discipulos
435 510 463 555 ad
475 517 593 570 stuporem
605 510 716 569 ipsorum.
731 508 769 555 Sio
780 508 819 553 ui-

60 584 144 628 mirum
154 582 242 642 appetit
254 584 304 642 pati
317 590 340 630 et
351 584 479 645 opprobriis
491 586 601 631 saturari.

91 662 115 706 20
137 658 246 704 Deolarat
266 660 392 719 Discipulis
413 660 571 705 imminentem
590 660 723 705 Passionem
744 672 818 704 suam.

60 734 117 780 Eone
136 733 275 779 ascenduntur
295 735 449 793 rorulentam,
470 739 491 780 et
509 733 722 780 consummabuntur
743 733 820 778 onznia
846 789 850 802 ι

61 822 109 867 quoue
121 806 206 866 seripto
222 813 276 853 suut
292 809 318 853 cle
333 808 395 853 Filio
411 808 516 854 tonnus,
538 809 653 855 Tradetur
671 809 729 853 enno
744 801 820 867 persti-

61 883 109 936 bus,
120 889 140 928 et
153 882 271 936 illudetur,
283 889 302 928 et
319 883 477 941 stupellobt'tur,
490 889 510 927 et
528 889 670 942 conspuetur,
684 889 705 930 et
721 882 822 928 occident

61 971 111 1003 euru
124 957 160 1016 (2).
174 958 212 1003 Sio
224 971 317 1002 oruoenr
329 949 419 1016 semper
432 959 455 1002 in
469 957 538 1002 oorrle
551 965 574 1003 et
587 971 635 1017 prae
655 957 728 1003 oeulis
747 957 820 1003 hahe-

61 1033 109 1090 bat,
120 1039 143 1077 et
153 1047 180 1077 eu
188 1033 330 1078 abuudantiu
340 1033 414 1078 cordis
423 1047 445 1078 os
457 1032 589 1091 loquebator
601 1034 638 1093 (3).

92 1111 117 1153 3⁰
128 1108 162 1153 At
173 1108 217 1165 ipsi
225 1107 283 1153 uiuit
295 1108 375 1153 hermu
385 1107 580 1162 emolumentorum
589 1107 740 1153 summobono
750 1107 820 1160 istud,

63 1183 106 1227 etsi
119 1181 214 1236 olerum,
229 1181 381 1226 absconditum
398 1181 424 1226 ab
443 1182 483 1235 eis,
502 1187 523 1225 et
540 1196 586 1225 nou
603 1180 758 1239 iutellipebuut
773 1194 821 1239 quoe

63 1255 195 1300 dicebantur
206 1255 242 1314 tl).
255 1257 345 1301 Natura
356 1255 441 1316 quippe
454 1256 501 1314 peti
514 1261 537 1300 et
548 1255 760 1310 humilierirenuit,
775 1269 822 1300 ver·

62 1332 118 1375 bum
128 1330 190 1375 istud
202 1343 248 1375 non
258 1330 375 1388 intelligit.

93 1408 119 1451 40
132 1405 185 1451 Vult
205 1405 285 1450 urbem
301 1404 435 1449 solemniter
447 1404 544 1463 ingredi,
560 1406 588 1449 ao
606 1403 747 1463 implendam
765 1404 823 1448 Pro-

63 1480 166 1540 phetiam
187 1484 210 1524 et
232 1480 307 1525 Putris
328 1479 479 1533 voluntatem,
498 1479 526 1524 ad
545 1481 594 1537 eJ'us
610 1477 714 1539 gloriam,
733 1478 823 1537 piorum

64 1554 252 1610 consolationem,
263 1561 286 1599 et
296 1553 456 1613 propriamsui
470 1553 622 1612 abjectionem
633 1567 673 1612 per
691 1558 823 1599 secuturum

63 1631 128 1677 brevi
150 1630 308 1690 ignominiam.
332 1630 360 1674 Et
380 1629 523 1689 praemittens
546 1631 640 1676 Petrum
659 1636 682 1675 et
703 1629 822 1684 loannem,

64 1707 165 1754 ostendit
189 1706 336 1752 divinitatem
352 1718 425 1761 suam,
440 1704 545 1751 absentia
560 1712 583 1749 et
600 1705 692 1751 oooulta
704 1705 822 1764 detegens,

64 1786 92 1831 de
103 1782 211 1829 cordibus
217 1781 336 1828 hominum
347 1795 400 1827 oum
412 1782 508 1841 imperio
516 1781 647 1842 disponens,
659 1788 682 1828 et
693 1781 824 1842 Discipulos

64 1857 202 1907 asoandalo
221 1871 362 1918 praeoavens.
374 1858 433 1907 Hine
449 1857 512 1903 disoe
530 1871 575 1918 quo
594 1857 688 1917 plausus
706 1857 824 1904 hominum

64 1937 160 1982 referes.

94 2013 209 2057 Puuoruu
221 2009 250 2053 ΙΙ.
265 2034 291 2041 -
305 2009 423 2065 Ingressus
434 2008 483 2066 ipse
494 2021 547 2054 oum
559 2008 750 2053 circumstantiis.

95 2089 119 2129 l0
132 2084 196 2130 Sedet
211 2083 316 2129 Ctrrstus
332 2096 399 2141 sulpur
419 2080 547 2128 adductum
561 2081 631 2127 asinus
649 2083 748 2140 pullum,
760 2084 823 2141 Apo-

65 2160 177 2205 stolorum
189 2157 334 2203 vestimentis
350 2163 457 2202 stratum.
471 2157 513 2202 Hio
528 2171 609 2202 currus
622 2156 683 2202 illius
694 2156 824 2217 triumpha-

65 2236 102 2280 lis.
111 2236 168 2281 Eone
178 2233 228 2279 Reor
238 2240 300 2286 tutto,
311 2230 374 2286 Sion,
385 2233 446 2279 venit
458 2233 496 2292 (5),
510 2232 551 2277 tibi
563 2240 706 2287 mansuetus,
719 2240 740 2279 et
753 2231 824 2278 humi-

66 2311 93 2355 lis
107 2311 190 2368 inipso
202 2308 284 2368 gloria.

40 2422 42 2425 .
96 2390 121 2431 2⁰
134 2383 257 2442 Disoiprrlis
270 2382 324 2427 hino
338 2382 391 2426 inde
403 2381 616 2436 circumstantibus,
636 2382 740 2440 plurimu
757 2381 824 2427 turbu

65 2463 198 2504 straverunt
212 2457 344 2502 uestimento
358 2469 400 2502 suu
416 2456 441 2503 io
455 2457 494 2502 oio
509 2457 547 2514 (6).
561 2456 612 2502 Alo
626 2456 737 2502 eredebant
751 2467 824 2501 nomos

89 2593 117 2637 (1)
124 2592 182 2628 Mare.
193 2600 213 2626 x.
481 2588 506 2637 (t)
515 2589 560 2627 Luo.
567 2601 620 2626 rvnr.

88 2638 115 2683 (2)
123 2636 167 2673 Luc.
177 2645 195 2672 x.
481 2635 507 2682 (5)
515 2635 540 2670 Is.
548 2645 596 2679 nxn;
605 2636 677 2672 Zaohar
685 2646 709 2672 nr.

89 2683 116 2728 (3)
125 2682 193 2719 Manu
202 2690 235 2720 xri.
481 2683 507 2729 (6)
515 2679 581 2720 Matth.
591 2692 630 2725 xr13
640 2682 685 2719 Luo.
693 2691 734 2717 xrx.
