<?xml version="1.0" encoding="UTF-8"?>
<!DOCTYPE html PUBLIC "-//W3C//DTD XHTML 1.0 Transitional//EN"
    "http://www.w3.org/TR/xhtml1/DTD/xhtml1-transitional.dtd">
<html xmlns="http://www.w3.org/1999/xhtml" xml:lang="en" lang="en">
 <head>
  <title>
</title>
<meta http-equiv="Content-Type" content="text/html;charset=utf-8" />
  <meta name='ocr-system' content='tesseract 3.04.00' />
  <meta name='ocr-capabilities' content='ocr_page ocr_carea ocr_par ocr_line ocrx_word'/>
</head>
<body>
  <div class='ocr_page' id='page_1' title='image "MN5052ucmf_3_0078.png"; bbox 0 0 1715 2908; ppageno 0'>
   <div class='ocr_carea' id='block_1_1' title="bbox 241 155 835 220">
    <p class='ocr_par' dir='ltr' id='par_1_1' title="bbox 241 155 835 220">
     <span class='ocr_line' id='line_1_1' title="bbox 241 155 835 220; baseline 0.003 -2"><span class='ocrx_word' id='word_1_1' title='bbox 241 184 333 218; x_wconf 82' lang='lat' dir='ltr'><strong>PRIMAE</strong></span> <span class='ocrx_word' id='word_1_2' title='bbox 351 155 520 217; x_wconf 74' lang='lat' dir='ltr'>HanoMADAE</span> <span class='ocrx_word' id='word_1_3' title='bbox 538 183 645 218; x_wconf 79' lang='lat' dir='ltr'>TERTIUS</span> <span class='ocrx_word' id='word_1_4' title='bbox 791 165 835 220; x_wconf 71' lang='grc'>65</span> 
     </span>
    </p>
   </div>
   <div class='ocr_carea' id='block_1_2' title="bbox 3 279 825 415">
    <p class='ocr_par' dir='ltr' id='par_1_2' title="bbox 3 279 825 415">
     <span class='ocr_line' id='line_1_2' title="bbox 3 279 825 340; baseline -0.005 -13"><span class='ocrx_word' id='word_1_5' title='bbox 3 284 5 287; x_wconf 79' lang='grc'><strong>’</strong></span> <span class='ocrx_word' id='word_1_6' title='bbox 63 317 65 320; x_wconf 26' lang='lat' dir='ltr'>v</span> <span class='ocrx_word' id='word_1_7' title='bbox 94 280 238 340; x_wconf 83' lang='lat' dir='ltr'>Colloquium</span> <span class='ocrx_word' id='word_1_8' title='bbox 258 281 286 325; x_wconf 87' lang='lat' dir='ltr'>ad</span> <span class='ocrx_word' id='word_1_9' title='bbox 303 279 419 326; x_wconf 86' lang='lat' dir='ltr'>Christum</span> <span class='ocrx_word' id='word_1_10' title='bbox 436 279 579 334; x_wconf 82' lang='lat' dir='ltr'>crucifixum,</span> <span class='ocrx_word' id='word_1_11' title='bbox 593 279 692 338; x_wconf 83' lang='lat' dir='ltr'>petendo</span> <span class='ocrx_word' id='word_1_12' title='bbox 707 280 757 338; x_wconf 81' lang='lat' dir='ltr'>ejus</span> <span class='ocrx_word' id='word_1_13' title='bbox 776 292 825 325; x_wconf 89' lang='lat' dir='ltr'>san·</span> 
     </span>
     <span class='ocr_line' id='line_1_3' title="bbox 64 353 823 415; baseline -0.001 -15"><span class='ocrx_word' id='word_1_14' title='bbox 64 356 133 414; x_wconf 75' lang='lat' dir='ltr'>girino</span> <span class='ocrx_word' id='word_1_15' title='bbox 144 354 204 400; x_wconf 79' lang='lat' dir='ltr'>ablui</span> <span class='ocrx_word' id='word_1_16' title='bbox 217 359 240 400; x_wconf 91' lang='lat' dir='ltr'>et</span> <span class='ocrx_word' id='word_1_17' title='bbox 254 353 369 408; x_wconf 86' lang='lat' dir='ltr'>mundari,</span> <span class='ocrx_word' id='word_1_18' title='bbox 382 353 578 400; x_wconf 85' lang='lat' dir='ltr'>uternendatorio</span> <span class='ocrx_word' id='word_1_19' title='bbox 589 354 642 415; x_wconf 79' lang='lat' dir='ltr'>igne</span> <span class='ocrx_word' id='word_1_20' title='bbox 656 354 745 401; x_wconf 86' lang='lat' dir='ltr'>nonsit</span> <span class='ocrx_word' id='word_1_21' title='bbox 757 366 823 414; x_wconf 82' lang='lat' dir='ltr'>opus.</span> 
     </span>
    </p>
   </div>
   <div class='ocr_carea' id='block_1_3' title="bbox 281 517 606 565">
    <p class='ocr_par' dir='ltr' id='par_1_3' title="bbox 281 517 606 565">
     <span class='ocr_line' id='line_1_4' title="bbox 281 517 606 565; baseline -0.006 0"><span class='ocrx_word' id='word_1_22' title='bbox 281 520 308 565; x_wconf 73' lang='lat' dir='ltr'>tt.</span> <span class='ocrx_word' id='word_1_23' title='bbox 338 517 606 565; x_wconf 86' lang='lat' dir='ltr'><strong>CONSIDERATIO.</strong></span> 
     </span>
    </p>
   </div>
   <div class='ocr_carea' id='block_1_4' title="bbox 306 622 576 684">
    <p class='ocr_par' dir='ltr' id='par_1_4' title="bbox 306 622 576 684">
     <span class='ocr_line' id='line_1_5' title="bbox 306 622 576 684; baseline -0.007 -15"><span class='ocrx_word' id='word_1_24' title='bbox 306 624 339 669; x_wconf 83' lang='lat' dir='ltr'>De</span> <span class='ocrx_word' id='word_1_25' title='bbox 349 638 414 668; x_wconf 82' lang='lat' dir='ltr'>surra</span> <span class='ocrx_word' id='word_1_26' title='bbox 426 622 576 684; x_wconf 77' lang='lat' dir='ltr'>Confessiono.</span> 
     </span>
    </p>
   </div>
   <div class='ocr_carea' id='block_1_5' title="bbox 56 726 854 2745">
    <p class='ocr_par' dir='ltr' id='par_1_5' title="bbox 62 726 835 864">
     <span class='ocr_line' id='line_1_6' title="bbox 62 726 822 787; baseline -0.003 -12"><span class='ocrx_word' id='word_1_27' title='bbox 62 753 63 756; x_wconf 61' lang='lat'><em>=</em></span> <span class='ocrx_word' id='word_1_28' title='bbox 95 731 243 775; x_wconf 68' lang='lat' dir='ltr'>{insunuans</span> <span class='ocrx_word' id='word_1_29' title='bbox 261 742 289 772; x_wconf 81' lang='lat' dir='ltr'>en</span> <span class='ocrx_word' id='word_1_30' title='bbox 306 727 399 782; x_wconf 83' lang='lat' dir='ltr'>Libeito,</span> <span class='ocrx_word' id='word_1_31' title='bbox 415 735 440 787; x_wconf 80' lang='lat' dir='ltr'>et</span> <span class='ocrx_word' id='word_1_32' title='bbox 459 726 594 780; x_wconf 83' lang='lat' dir='ltr'>Direotorio,</span> <span class='ocrx_word' id='word_1_33' title='bbox 608 738 659 785; x_wconf 81' lang='lat' dir='ltr'>cap.</span> <span class='ocrx_word' id='word_1_34' title='bbox 672 740 698 782; x_wconf 87' lang='lat'>11,</span> <span class='ocrx_word' id='word_1_35' title='bbox 709 733 732 773; x_wconf 86' lang='lat' dir='ltr'>et</span> <span class='ocrx_word' id='word_1_36' title='bbox 747 741 775 773; x_wconf 82' lang='lat' dir='ltr'>ex</span> <span class='ocrx_word' id='word_1_37' title='bbox 794 728 822 773; x_wconf 86' lang='lat' dir='ltr'>do</span> 
     </span>
     <span class='ocr_line' id='line_1_7' title="bbox 63 801 835 864; baseline -0.006 -15"><span class='ocrx_word' id='word_1_38' title='bbox 63 801 574 862; x_wconf 66' lang='lat' dir='ltr'>Fonteip.Medit30,etConsiderat.2.</span> <span class='ocrx_word' id='word_1_39' title='bbox 626 861 627 864; x_wconf 8' lang='grc' dir='ltr'><strong>Ἴ</strong></span> <span class='ocrx_word' id='word_1_40' title='bbox 833 809 835 812; x_wconf 88' lang='grc'><strong><em>·</em></strong></span> 
     </span>
    </p>

    <p class='ocr_par' dir='ltr' id='par_1_6' title="bbox 62 865 823 1087">
     <span class='ocr_line' id='line_1_8' title="bbox 93 865 823 937; baseline -0.001 -13"><span class='ocrx_word' id='word_1_41' title='bbox 93 878 212 937; x_wconf 72' lang='lat' dir='ltr'>agendum</span> <span class='ocrx_word' id='word_1_42' title='bbox 225 865 261 922; x_wconf 83' lang='lat' dir='ltr'>hie</span> <span class='ocrx_word' id='word_1_43' title='bbox 274 878 374 923; x_wconf 84' lang='lat' dir='ltr'>breviter</span> <span class='ocrx_word' id='word_1_44' title='bbox 386 876 415 921; x_wconf 86' lang='lat' dir='ltr'>da</span> <span class='ocrx_word' id='word_1_45' title='bbox 432 875 580 921; x_wconf 80' lang='lat' dir='ltr'>Confessione</span> <span class='ocrx_word' id='word_1_46' title='bbox 592 882 641 921; x_wconf 87' lang='lat' dir='ltr'>tum</span> <span class='ocrx_word' id='word_1_47' title='bbox 652 877 761 934; x_wconf 80' lang='lat' dir='ltr'>generali,</span> <span class='ocrx_word' id='word_1_48' title='bbox 775 882 823 923; x_wconf 82' lang='lat' dir='ltr'>tunt</span> 
     </span>
     <span class='ocr_line' id='line_1_9' title="bbox 63 950 823 1012; baseline -0.004 -14"><span class='ocrx_word' id='word_1_49' title='bbox 63 953 204 1012; x_wconf 79' lang='lat' dir='ltr'>partiminii,</span> <span class='ocrx_word' id='word_1_50' title='bbox 219 965 291 1011; x_wconf 84' lang='lat' dir='ltr'>eaque</span> <span class='ocrx_word' id='word_1_51' title='bbox 304 951 338 996; x_wconf 85' lang='lat' dir='ltr'>vei</span> <span class='ocrx_word' id='word_1_52' title='bbox 351 950 503 1005; x_wconf 68' lang='lat' dir='ltr'>necessitatis,</span> <span class='ocrx_word' id='word_1_53' title='bbox 516 950 552 995; x_wconf 82' lang='lat' dir='ltr'>vei</span> <span class='ocrx_word' id='word_1_54' title='bbox 572 950 643 995; x_wconf 87' lang='lat' dir='ltr'>soiius</span> <span class='ocrx_word' id='word_1_55' title='bbox 659 950 790 1004; x_wconf 82' lang='lat' dir='ltr'>deuotionis</span> <span class='ocrx_word' id='word_1_56' title='bbox 800 957 823 997; x_wconf 88' lang='lat' dir='ltr'>et</span> 
     </span>
     <span class='ocr_line' id='line_1_10' title="bbox 62 1028 156 1087; baseline 0.004 -15"><span class='ocrx_word' id='word_1_57' title='bbox 62 1028 156 1087; x_wconf 76' lang='lat' dir='ltr'>regulae.</span> 
     </span>
    </p>

    <p class='ocr_par' dir='ltr' id='par_1_7' title="bbox 62 1100 821 1225">
     <span class='ocr_line' id='line_1_11' title="bbox 91 1100 821 1161; baseline -0.003 -12"><span class='ocrx_word' id='word_1_58' title='bbox 91 1106 109 1150; x_wconf 88' lang='grc' dir='ltr'>Ι,</span> <span class='ocrx_word' id='word_1_59' title='bbox 123 1100 150 1137; x_wconf 63' lang='lat' dir='ltr'>ss</span> <span class='ocrx_word' id='word_1_60' title='bbox 162 1103 279 1149; x_wconf 80' lang='lat' dir='ltr'>Confessio</span> <span class='ocrx_word' id='word_1_61' title='bbox 290 1101 403 1161; x_wconf 81' lang='lat' dir='ltr'>generatis</span> <span class='ocrx_word' id='word_1_62' title='bbox 413 1105 490 1160; x_wconf 87' lang='lat' dir='ltr'>potest</span> <span class='ocrx_word' id='word_1_63' title='bbox 501 1114 551 1147; x_wconf 87' lang='lat' dir='ltr'>esse</span> <span class='ocrx_word' id='word_1_64' title='bbox 569 1101 604 1146; x_wconf 84' lang='lat' dir='ltr'>uei</span> <span class='ocrx_word' id='word_1_65' title='bbox 617 1102 771 1157; x_wconf 66' lang='lat' dir='ltr'>necessitatis,</span> <span class='ocrx_word' id='word_1_66' title='bbox 786 1102 821 1147; x_wconf 90' lang='lat' dir='ltr'>vel</span> 
     </span>
     <span class='ocr_line' id='line_1_12' title="bbox 62 1179 592 1225; baseline -0.011 -1"><span class='ocrx_word' id='word_1_67' title='bbox 62 1180 133 1225; x_wconf 89' lang='lat' dir='ltr'>soiius</span> <span class='ocrx_word' id='word_1_68' title='bbox 146 1179 283 1224; x_wconf 84' lang='lat' dir='ltr'>deuotionis.</span> <span class='ocrx_word' id='word_1_69' title='bbox 590 1193 592 1196; x_wconf 95' lang='lat'>·</span> 
     </span>
    </p>

    <p class='ocr_par' dir='ltr' id='par_1_8' title="bbox 56 1251 854 1834">
     <span class='ocr_line' id='line_1_13' title="bbox 92 1251 823 1311; baseline -0.001 -12"><span class='ocrx_word' id='word_1_70' title='bbox 92 1257 117 1299; x_wconf 83' lang='lat' dir='ltr'>i⁰</span> <span class='ocrx_word' id='word_1_71' title='bbox 128 1254 169 1299; x_wconf 87' lang='lat' dir='ltr'>Est</span> <span class='ocrx_word' id='word_1_72' title='bbox 179 1251 325 1298; x_wconf 79' lang='lat' dir='ltr'>necessitatis</span> <span class='ocrx_word' id='word_1_73' title='bbox 340 1256 363 1296; x_wconf 91' lang='lat' dir='ltr'>et</span> <span class='ocrx_word' id='word_1_74' title='bbox 376 1264 438 1297; x_wconf 73' lang='lat' dir='ltr'>verae</span> <span class='ocrx_word' id='word_1_75' title='bbox 458 1251 613 1309; x_wconf 80' lang='lat' dir='ltr'>obligationis,</span> <span class='ocrx_word' id='word_1_76' title='bbox 628 1252 721 1311; x_wconf 85' lang='lat' dir='ltr'>quando</span> <span class='ocrx_word' id='word_1_77' title='bbox 733 1259 823 1299; x_wconf 79' lang='lat' dir='ltr'>eertum</span> 
     </span>
     <span class='ocr_line' id='line_1_14' title="bbox 62 1327 829 1388; baseline -0.001 -13"><span class='ocrx_word' id='word_1_78' title='bbox 62 1336 97 1375; x_wconf 89' lang='lat' dir='ltr'>est</span> <span class='ocrx_word' id='word_1_79' title='bbox 111 1328 250 1374; x_wconf 80' lang='lat' dir='ltr'>ueidubium</span> <span class='ocrx_word' id='word_1_80' title='bbox 264 1327 424 1373; x_wconf 81' lang='lat' dir='ltr'>Confessiones</span> <span class='ocrx_word' id='word_1_81' title='bbox 441 1327 593 1388; x_wconf 82' lang='lat' dir='ltr'>particuiares</span> <span class='ocrx_word' id='word_1_82' title='bbox 608 1327 692 1380; x_wconf 80' lang='lat' dir='ltr'>nutias,</span> <span class='ocrx_word' id='word_1_83' title='bbox 703 1333 726 1373; x_wconf 88' lang='lat' dir='ltr'>et</span> <span class='ocrx_word' id='word_1_84' title='bbox 746 1329 829 1375; x_wconf 53' lang='lat' dir='ltr'>innati-¹</span> 
     </span>
     <span class='ocr_line' id='line_1_15' title="bbox 58 1402 824 1460; baseline 0.003 -11"><span class='ocrx_word' id='word_1_85' title='bbox 58 1403 198 1460; x_wconf 66' lang='lat' dir='ltr'>institisse,</span> <span class='ocrx_word' id='word_1_86' title='bbox 212 1409 235 1449; x_wconf 89' lang='lat' dir='ltr'>et</span> <span class='ocrx_word' id='word_1_87' title='bbox 253 1409 307 1448; x_wconf 88' lang='lat' dir='ltr'>tunc</span> <span class='ocrx_word' id='word_1_88' title='bbox 320 1409 428 1448; x_wconf 87' lang='lat' dir='ltr'>accurate</span> <span class='ocrx_word' id='word_1_89' title='bbox 441 1402 570 1460; x_wconf 83' lang='lat' dir='ltr'>confitenda</span> <span class='ocrx_word' id='word_1_90' title='bbox 584 1409 640 1448; x_wconf 82' lang='lat' dir='ltr'>sunt</span> <span class='ocrx_word' id='word_1_91' title='bbox 652 1404 728 1449; x_wconf 89' lang='lat' dir='ltr'>omnia</span> <span class='ocrx_word' id='word_1_92' title='bbox 741 1410 824 1451; x_wconf 87' lang='lat' dir='ltr'>morta-</span> 
     </span>
     <span class='ocr_line' id='line_1_16' title="bbox 63 1478 823 1538; baseline 0.001 -15"><span class='ocrx_word' id='word_1_93' title='bbox 63 1479 92 1524; x_wconf 89' lang='lat' dir='ltr'>lia</span> <span class='ocrx_word' id='word_1_94' title='bbox 103 1480 178 1538; x_wconf 74' lang='lat' dir='ltr'>atinati</span> <span class='ocrx_word' id='word_1_95' title='bbox 192 1479 300 1537; x_wconf 83' lang='lat' dir='ltr'>speciem,</span> <span class='ocrx_word' id='word_1_96' title='bbox 309 1491 438 1530; x_wconf 89' lang='lat' dir='ltr'>numerum,</span> <span class='ocrx_word' id='word_1_97' title='bbox 448 1478 493 1522; x_wconf 91' lang='lat' dir='ltr'>imo</span> <span class='ocrx_word' id='word_1_98' title='bbox 506 1485 529 1523; x_wconf 87' lang='lat' dir='ltr'>et</span> <span class='ocrx_word' id='word_1_99' title='bbox 540 1478 726 1524; x_wconf 81' lang='lat' dir='ltr'>circumstantias</span> <span class='ocrx_word' id='word_1_100' title='bbox 737 1480 823 1524; x_wconf 79' lang='lat' dir='ltr'>notabi-</span> 
     </span>
     <span class='ocr_line' id='line_1_17' title="bbox 56 1552 854 1611; baseline 0.006 -14"><span class='ocrx_word' id='word_1_101' title='bbox 56 1553 115 1598; x_wconf 85' lang='lat' dir='ltr'>.liter</span> <span class='ocrx_word' id='word_1_102' title='bbox 126 1557 286 1611; x_wconf 68' lang='lat' dir='ltr'>aggravantes</span> <span class='ocrx_word' id='word_1_103' title='bbox 294 1552 387 1611; x_wconf 82' lang='lat' dir='ltr'>perinde</span> <span class='ocrx_word' id='word_1_104' title='bbox 397 1565 424 1597; x_wconf 88' lang='lat' dir='ltr'>ac</span> <span class='ocrx_word' id='word_1_105' title='bbox 437 1552 455 1596; x_wconf 86' lang='lat' dir='ltr'>si</span> <span class='ocrx_word' id='word_1_106' title='bbox 463 1565 579 1610; x_wconf 75' lang='lat' dir='ltr'>nunqnam</span> <span class='ocrx_word' id='word_1_107' title='bbox 588 1552 684 1597; x_wconf 81' lang='lat' dir='ltr'>inissent</span> <span class='ocrx_word' id='word_1_108' title='bbox 695 1553 821 1608; x_wconf 59' lang='lat' dir='ltr'>decianam</span> <span class='ocrx_word' id='word_1_109' title='bbox 851 1598 854 1602; x_wconf 79' lang='grc'><strong><em>,</em></strong></span> 
     </span>
     <span class='ocr_line' id='line_1_18' title="bbox 57 1626 824 1673; baseline 0.001 -1"><span class='ocrx_word' id='word_1_110' title='bbox 57 1627 160 1672; x_wconf 82' lang='lat' dir='ltr'>naualia</span> <span class='ocrx_word' id='word_1_111' title='bbox 174 1628 266 1671; x_wconf 78' lang='lat' dir='ltr'>interim</span> <span class='ocrx_word' id='word_1_112' title='bbox 275 1626 392 1671; x_wconf 84' lang='lat' dir='ltr'>Confessio</span> <span class='ocrx_word' id='word_1_113' title='bbox 404 1626 437 1670; x_wconf 86' lang='lat' dir='ltr'>uei</span> <span class='ocrx_word' id='word_1_114' title='bbox 454 1627 589 1671; x_wconf 79' lang='lat' dir='ltr'>Communia</span> <span class='ocrx_word' id='word_1_115' title='bbox 606 1627 712 1672; x_wconf 82' lang='lat' dir='ltr'>socienda</span> <span class='ocrx_word' id='word_1_116' title='bbox 727 1635 771 1673; x_wconf 88' lang='lat' dir='ltr'>est.</span> <span class='ocrx_word' id='word_1_117' title='bbox 784 1630 824 1673; x_wconf 86' lang='lat' dir='ltr'>De-</span> 
     </span>
     <span class='ocr_line' id='line_1_19' title="bbox 64 1700 823 1759; baseline 0.003 -14"><span class='ocrx_word' id='word_1_118' title='bbox 64 1716 125 1746; x_wconf 89' lang='lat' dir='ltr'>nnnn</span> <span class='ocrx_word' id='word_1_119' title='bbox 140 1707 223 1759; x_wconf 68' lang='lat' dir='ltr'>praeter</span> <span class='ocrx_word' id='word_1_120' title='bbox 235 1701 390 1757; x_wconf 80' lang='lat' dir='ltr'>integritatem</span> <span class='ocrx_word' id='word_1_121' title='bbox 403 1700 565 1753; x_wconf 78' lang='lat' dir='ltr'>Confessionis,</span> <span class='ocrx_word' id='word_1_122' title='bbox 580 1702 726 1747; x_wconf 86' lang='lat' dir='ltr'>contritionis</span> <span class='ocrx_word' id='word_1_123' title='bbox 736 1704 823 1749; x_wconf 87' lang='lat' dir='ltr'>veritas</span> 
     </span>
     <span class='ocr_line' id='line_1_20' title="bbox 63 1774 492 1834; baseline 0 -15"><span class='ocrx_word' id='word_1_124' title='bbox 63 1783 85 1821; x_wconf 92' lang='lat' dir='ltr'>et</span> <span class='ocrx_word' id='word_1_125' title='bbox 99 1774 209 1834; x_wconf 80' lang='lat' dir='ltr'>perfectio</span> <span class='ocrx_word' id='word_1_126' title='bbox 222 1775 321 1819; x_wconf 77' lang='lat' dir='ltr'>maxime</span> <span class='ocrx_word' id='word_1_127' title='bbox 333 1774 436 1819; x_wconf 86' lang='lat' dir='ltr'>curanda</span> <span class='ocrx_word' id='word_1_128' title='bbox 449 1780 492 1819; x_wconf 65' lang='lat' dir='ltr'>est,</span> 
     </span>
    </p>

    <p class='ocr_par' dir='ltr' id='par_1_9' title="bbox 62 1848 823 2213">
     <span class='ocr_line' id='line_1_21' title="bbox 93 1848 823 1904; baseline 0.004 -7"><span class='ocrx_word' id='word_1_129' title='bbox 93 1855 118 1897; x_wconf 67' lang='lat'>20</span> <span class='ocrx_word' id='word_1_130' title='bbox 129 1851 151 1896; x_wconf 83' lang='lat' dir='ltr'>Si</span> <span class='ocrx_word' id='word_1_131' title='bbox 165 1856 200 1894; x_wconf 87' lang='lat' dir='ltr'>est</span> <span class='ocrx_word' id='word_1_132' title='bbox 217 1848 346 1894; x_wconf 82' lang='lat' dir='ltr'>deuotionis</span> <span class='ocrx_word' id='word_1_133' title='bbox 365 1854 463 1904; x_wconf 83' lang='lat' dir='ltr'>tantun,</span> <span class='ocrx_word' id='word_1_134' title='bbox 478 1850 512 1895; x_wconf 84' lang='lat' dir='ltr'>vel</span> <span class='ocrx_word' id='word_1_135' title='bbox 534 1851 559 1896; x_wconf 82' lang='lat' dir='ltr'>fit</span> <span class='ocrx_word' id='word_1_136' title='bbox 576 1852 604 1896; x_wconf 88' lang='lat' dir='ltr'>ad</span> <span class='ocrx_word' id='word_1_137' title='bbox 625 1852 776 1899; x_wconf 83' lang='lat' dir='ltr'>directionem</span> <span class='ocrx_word' id='word_1_138' title='bbox 789 1868 823 1900; x_wconf 88' lang='lat' dir='ltr'>su·</span> 
     </span>
     <span class='ocr_line' id='line_1_22' title="bbox 62 1923 823 1987; baseline 0.007 -18"><span class='ocrx_word' id='word_1_139' title='bbox 62 1925 185 1979; x_wconf 84' lang='lat' dir='ltr'>brundam,</span> <span class='ocrx_word' id='word_1_140' title='bbox 208 1923 242 1968; x_wconf 87' lang='lat' dir='ltr'>vei</span> <span class='ocrx_word' id='word_1_141' title='bbox 262 1923 424 1968; x_wconf 81' lang='lat' dir='ltr'>aid-feruorem</span> <span class='ocrx_word' id='word_1_142' title='bbox 443 1925 591 1970; x_wconf 79' lang='lat' dir='ltr'>excitandum</span> <span class='ocrx_word' id='word_1_143' title='bbox 608 1939 612 1967; x_wconf 86' lang='lat'>:</span> <span class='ocrx_word' id='word_1_144' title='bbox 628 1931 727 1986; x_wconf 84' lang='lat' dir='ltr'>utraque</span> <span class='ocrx_word' id='word_1_145' title='bbox 747 1934 823 1987; x_wconf 78' lang='lat' dir='ltr'>potest</span> 
     </span>
     <span class='ocr_line' id='line_1_23' title="bbox 62 1997 822 2065; baseline 0.007 -20"><span class='ocrx_word' id='word_1_146' title='bbox 62 2014 113 2045; x_wconf 90' lang='lat' dir='ltr'>esse</span> <span class='ocrx_word' id='word_1_147' title='bbox 124 2001 200 2044; x_wconf 87' lang='lat' dir='ltr'>minus</span> <span class='ocrx_word' id='word_1_148' title='bbox 210 2004 326 2044; x_wconf 84' lang='lat' dir='ltr'>accurata.</span> <span class='ocrx_word' id='word_1_149' title='bbox 338 1999 410 2044; x_wconf 86' lang='lat' dir='ltr'>Priori</span> <span class='ocrx_word' id='word_1_150' title='bbox 422 2012 485 2054; x_wconf 81' lang='lat' dir='ltr'>casu,</span> <span class='ocrx_word' id='word_1_151' title='bbox 495 2008 548 2046; x_wconf 90' lang='lat' dir='ltr'>sunt</span> <span class='ocrx_word' id='word_1_152' title='bbox 561 2000 653 2046; x_wconf 86' lang='lat' dir='ltr'>habitus</span> <span class='ocrx_word' id='word_1_153' title='bbox 664 2002 740 2062; x_wconf 87' lang='lat' dir='ltr'>potius</span> <span class='ocrx_word' id='word_1_154' title='bbox 752 1997 822 2065; x_wconf 83' lang='lat' dir='ltr'>qrram</span> 
     </span>
     <span class='ocr_line' id='line_1_24' title="bbox 63 2076 821 2141; baseline 0.007 -17"><span class='ocrx_word' id='word_1_155' title='bbox 63 2084 129 2124; x_wconf 87' lang='lat' dir='ltr'>aetus</span> <span class='ocrx_word' id='word_1_156' title='bbox 140 2076 266 2137; x_wconf 83' lang='lat' dir='ltr'>aperiendi.</span> <span class='ocrx_word' id='word_1_157' title='bbox 282 2076 413 2130; x_wconf 62' lang='lat' dir='ltr'>Posterior-i,</span> <span class='ocrx_word' id='word_1_158' title='bbox 427 2077 445 2122; x_wconf 89' lang='lat' dir='ltr'>si</span> <span class='ocrx_word' id='word_1_159' title='bbox 459 2091 502 2123; x_wconf 90' lang='lat' dir='ltr'>non</span> <span class='ocrx_word' id='word_1_160' title='bbox 513 2080 598 2133; x_wconf 83' lang='lat' dir='ltr'>omnia,</span> <span class='ocrx_word' id='word_1_161' title='bbox 612 2079 694 2126; x_wconf 85' lang='lat' dir='ltr'>saitem</span> <span class='ocrx_word' id='word_1_162' title='bbox 705 2082 821 2141; x_wconf 79' lang='lat' dir='ltr'>graviora,</span> 
     </span>
     <span class='ocr_line' id='line_1_25' title="bbox 62 2152 762 2213; baseline 0.006 -15"><span class='ocrx_word' id='word_1_163' title='bbox 62 2161 85 2199; x_wconf 87' lang='lat' dir='ltr'>et</span> <span class='ocrx_word' id='word_1_164' title='bbox 99 2165 151 2212; x_wconf 84' lang='lat' dir='ltr'>qnee</span> <span class='ocrx_word' id='word_1_165' title='bbox 165 2153 274 2210; x_wconf 74' lang='lat' dir='ltr'>rnaJ&#39;orern</span> <span class='ocrx_word' id='word_1_166' title='bbox 286 2152 379 2211; x_wconf 83' lang='lat' dir='ltr'>pariunt</span> <span class='ocrx_word' id='word_1_167' title='bbox 390 2152 555 2208; x_wconf 87' lang='lat' dir='ltr'>confusionem,</span> <span class='ocrx_word' id='word_1_168' title='bbox 566 2154 690 2213; x_wconf 87' lang='lat' dir='ltr'>aperienda</span> <span class='ocrx_word' id='word_1_169' title='bbox 700 2161 762 2202; x_wconf 90' lang='lat' dir='ltr'>sunt.</span> 
     </span>
    </p>

    <p class='ocr_par' dir='ltr' id='par_1_10' title="bbox 63 2224 823 2439">
     <span class='ocr_line' id='line_1_26' title="bbox 93 2224 823 2291; baseline 0.008 -19"><span class='ocrx_word' id='word_1_170' title='bbox 93 2231 118 2272; x_wconf 79' lang='grc' dir='ltr'>3Ο</span> <span class='ocrx_word' id='word_1_171' title='bbox 131 2226 229 2285; x_wconf 81' lang='lat' dir='ltr'>Expedit</span> <span class='ocrx_word' id='word_1_172' title='bbox 242 2224 365 2286; x_wconf 79' lang='lat' dir='ltr'>quotannis</span> <span class='ocrx_word' id='word_1_173' title='bbox 379 2241 446 2272; x_wconf 92' lang='lat' dir='ltr'>unam</span> <span class='ocrx_word' id='word_1_174' title='bbox 459 2226 535 2274; x_wconf 85' lang='lat' dir='ltr'>facere</span> <span class='ocrx_word' id='word_1_175' title='bbox 548 2230 570 2273; x_wconf 87' lang='lat' dir='ltr'>in</span> <span class='ocrx_word' id='word_1_176' title='bbox 584 2228 706 2275; x_wconf 76' lang='lat' dir='ltr'>Exercitiis</span> <span class='ocrx_word' id='word_1_177' title='bbox 718 2231 823 2291; x_wconf 85' lang='lat' dir='ltr'>spiritua·</span> 
     </span>
     <span class='ocr_line' id='line_1_27' title="bbox 64 2291 823 2368; baseline 0.011 -22"><span class='ocrx_word' id='word_1_178' title='bbox 64 2302 130 2355; x_wconf 86' lang='lat' dir='ltr'>iiims,</span> <span class='ocrx_word' id='word_1_179' title='bbox 150 2291 265 2347; x_wconf 76' lang='lat' dir='ltr'>aii&#39;rr&#39;entio</span> <span class='ocrx_word' id='word_1_180' title='bbox 283 2316 377 2347; x_wconf 74' lang='lat' dir='ltr'>examen</span> <span class='ocrx_word' id='word_1_181' title='bbox 395 2310 448 2348; x_wconf 88' lang='lat' dir='ltr'>ante</span> <span class='ocrx_word' id='word_1_182' title='bbox 468 2302 564 2358; x_wconf 79' lang='lat' dir='ltr'>factum,</span> <span class='ocrx_word' id='word_1_183' title='bbox 577 2313 600 2350; x_wconf 87' lang='lat' dir='ltr'>et</span> <span class='ocrx_word' id='word_1_184' title='bbox 620 2308 763 2366; x_wconf 70' lang='lat' dir='ltr'>enpeotando</span> <span class='ocrx_word' id='word_1_185' title='bbox 783 2323 823 2368; x_wconf 81' lang='lat' dir='ltr'>pro</span> 
     </span>
     <span class='ocr_line' id='line_1_28' title="bbox 63 2378 822 2439; baseline 0.008 -16"><span class='ocrx_word' id='word_1_186' title='bbox 63 2378 216 2427; x_wconf 77' lang='lat' dir='ltr'>absolutione,</span> <span class='ocrx_word' id='word_1_187' title='bbox 226 2378 280 2422; x_wconf 90' lang='lat' dir='ltr'>dum</span> <span class='ocrx_word' id='word_1_188' title='bbox 294 2388 315 2422; x_wconf 88' lang='lat' dir='ltr'>te</span> <span class='ocrx_word' id='word_1_189' title='bbox 326 2379 370 2422; x_wconf 89' lang='lat' dir='ltr'>rite</span> <span class='ocrx_word' id='word_1_190' title='bbox 383 2379 507 2424; x_wconf 84' lang='lat' dir='ltr'>contritum</span> <span class='ocrx_word' id='word_1_191' title='bbox 518 2386 541 2425; x_wconf 90' lang='lat' dir='ltr'>et</span> <span class='ocrx_word' id='word_1_192' title='bbox 551 2389 713 2439; x_wconf 77' lang='lat' dir='ltr'>corripunctnm</span> <span class='ocrx_word' id='word_1_193' title='bbox 727 2385 822 2429; x_wconf 85' lang='lat' dir='ltr'>sentias.</span> 
     </span>
    </p>

    <p class='ocr_par' dir='ltr' id='par_1_11' title="bbox 64 2439 824 2662">
     <span class='ocr_line' id='line_1_29' title="bbox 93 2439 824 2512; baseline 0.011 -15"><span class='ocrx_word' id='word_1_194' title='bbox 93 2454 121 2497; x_wconf 87' lang='lat' dir='ltr'>H.</span> <span class='ocrx_word' id='word_1_195' title='bbox 134 2479 163 2485; x_wconf 86' lang='lat'>—</span> <span class='ocrx_word' id='word_1_196' title='bbox 175 2452 292 2497; x_wconf 69' lang='lat' dir='ltr'>Confessio</span> <span class='ocrx_word' id='word_1_197' title='bbox 310 2452 456 2512; x_wconf 80' lang='lat' dir='ltr'>particularis</span> <span class='ocrx_word' id='word_1_198' title='bbox 469 2461 504 2499; x_wconf 87' lang='lat' dir='ltr'>est</span> <span class='ocrx_word' id='word_1_199' title='bbox 521 2455 591 2500; x_wconf 83' lang='lat' dir='ltr'>etiam</span> <span class='ocrx_word' id='word_1_200' title='bbox 607 2439 757 2512; x_wconf 81' lang='lat' dir='ltr'>necessitatis,</span> <span class='ocrx_word' id='word_1_201' title='bbox 771 2472 824 2505; x_wconf 88' lang='lat' dir='ltr'>curn</span> 
     </span>
     <span class='ocr_line' id='line_1_30' title="bbox 64 2527 823 2590; baseline 0.011 -18"><span class='ocrx_word' id='word_1_202' title='bbox 64 2530 115 2589; x_wconf 80' lang='lat' dir='ltr'>quis</span> <span class='ocrx_word' id='word_1_203' title='bbox 137 2527 219 2581; x_wconf 78' lang='lat' dir='ltr'>eredit,</span> <span class='ocrx_word' id='word_1_204' title='bbox 234 2533 274 2572; x_wconf 83' lang='lat' dir='ltr'>aut</span> <span class='ocrx_word' id='word_1_205' title='bbox 291 2529 429 2587; x_wconf 80' lang='lat' dir='ltr'>suspicatur,</span> <span class='ocrx_word' id='word_1_206' title='bbox 445 2542 485 2574; x_wconf 82' lang='lat' dir='ltr'>seu</span> <span class='ocrx_word' id='word_1_207' title='bbox 504 2530 619 2590; x_wconf 73' lang='lat' dir='ltr'>opinatur,</span> <span class='ocrx_word' id='word_1_208' title='bbox 638 2537 678 2577; x_wconf 88' lang='lat' dir='ltr'>aut</span> <span class='ocrx_word' id='word_1_209' title='bbox 697 2533 788 2580; x_wconf 81' lang='lat' dir='ltr'>dubitat</span> <span class='ocrx_word' id='word_1_210' title='bbox 799 2548 823 2580; x_wconf 90' lang='lat' dir='ltr'>se</span> 
     </span>
     <span class='ocr_line' id='line_1_31' title="bbox 65 2596 799 2662; baseline 0.01 -15"><span class='ocrx_word' id='word_1_211' title='bbox 65 2605 167 2661; x_wconf 76' lang='lat' dir='ltr'>graviter·</span> <span class='ocrx_word' id='word_1_212' title='bbox 179 2616 228 2648; x_wconf 82' lang='lat' dir='ltr'>esso</span> <span class='ocrx_word' id='word_1_213' title='bbox 242 2602 339 2662; x_wconf 80' lang='lat' dir='ltr'>lapsum.</span> <span class='ocrx_word' id='word_1_214' title='bbox 353 2604 380 2647; x_wconf 88' lang='lat' dir='ltr'>Hi</span> <span class='ocrx_word' id='word_1_215' title='bbox 394 2603 479 2649; x_wconf 81' lang='lat' dir='ltr'>abusus</span> <span class='ocrx_word' id='word_1_216' title='bbox 490 2605 512 2649; x_wconf 92' lang='lat' dir='ltr'>iu</span> <span class='ocrx_word' id='word_1_217' title='bbox 526 2618 552 2652; x_wconf 87' lang='lat' dir='ltr'>ea</span> <span class='ocrx_word' id='word_1_218' title='bbox 564 2607 651 2652; x_wconf 84' lang='lat' dir='ltr'>vitantii</span> <span class='ocrx_word' id='word_1_219' title='bbox 661 2614 733 2654; x_wconf 89' lang='lat' dir='ltr'>sunt:</span> <span class='ocrx_word' id='word_1_220' title='bbox 797 2596 799 2598; x_wconf 33' lang='lat'>¹</span> 
     </span>
    </p>

    <p class='ocr_par' dir='ltr' id='par_1_12' title="bbox 95 2673 824 2745">
     <span class='ocr_line' id='line_1_32' title="bbox 95 2673 824 2745; baseline 0.01 -22"><span class='ocrx_word' id='word_1_221' title='bbox 95 2678 251 2724; x_wconf 76' lang='lat' dir='ltr'>tortuosam</span> <span class='ocrx_word' id='word_1_222' title='bbox 264 2685 358 2724; x_wconf 88' lang='lat' dir='ltr'>curatur</span> <span class='ocrx_word' id='word_1_223' title='bbox 370 2681 487 2736; x_wconf 86' lang='lat' dir='ltr'>contritio,</span> <span class='ocrx_word' id='word_1_224' title='bbox 501 2694 546 2726; x_wconf 91' lang='lat' dir='ltr'>non</span> <span class='ocrx_word' id='word_1_225' title='bbox 561 2684 618 2728; x_wconf 87' lang='lat' dir='ltr'>setis</span> <span class='ocrx_word' id='word_1_226' title='bbox 630 2673 762 2745; x_wconf 70' lang='lat' dir='ltr'>expleantur</span> <span class='ocrx_word' id='word_1_227' title='bbox 775 2686 824 2744; x_wconf 86' lang='lat' dir='ltr'>ejus</span> 
     </span>
    </p>
   </div>
   <div class='ocr_carea' id='block_1_6' title="bbox 748 2783 770 2824">
    <p class='ocr_par' dir='ltr' id='par_1_13' title="bbox 748 2783 770 2824">
     <span class='ocr_line' id='line_1_33' title="bbox 748 2783 770 2824; baseline 0.091 -2"><span class='ocrx_word' id='word_1_228' title='bbox 748 2783 770 2824; x_wconf 76' lang='lat' dir='ltr'>t,</span> 
     </span>
    </p>
   </div>
   <div class='ocr_carea' id='block_1_7' title="bbox 0 0 863 2908">
    <p class='ocr_par' dir='ltr' id='par_1_14' title="bbox 0 0 863 2908">
     <span class='ocr_line' id='line_1_34' title="bbox 0 0 863 2908; baseline 0 0"><span class='ocrx_word' id='word_1_229' title='bbox 0 0 863 2908; x_wconf 95' lang='lat' dir='ltr'> </span> 
     </span>
    </p>
   </div>
  </div>
 </body>
</html>
