1715 2908
218 168 311 203 aarum
328 157 502 203 nnanouaoAE'
517 160 611 203 suxeris
671 153 672 157 ’
758 148 822 201 87'

31 265 125 323 proprio
137 259 250 324 supplicio
260 267 340 310 eareat
352 278 357 306 ι
368 266 393 308 30
405 276 433 308 ex
441 267 508 322 parte
518 263 580 308 modi
591 261 722 318 cruciandi,
732 274 792 321 quae·

32 338 89 385 libet
98 338 234 385 mirabiliter
245 337 369 395 cruciatur,
380 339 455 399 poenis
466 337 537 385 etiam
549 338 678 384 contrariis.
692 336 730 383 Arl
739 337 792 383 eolo·
816 337 818 340 ’

32 431 80 468 rem
89 416 186 463 nimium
198 422 318 464 transeunt
328 415 354 461 ab
365 415 428 475 aquis
440 415 527 462 niolam
540 415 576 475 (l).
589 414 673 462 Oculus
686 414 791 460 ducentis

32 496 119 545 morbis
136 495 181 542 sibi
195 496 296 557 propriis
308 494 467 556 torquebitur;
485 495 505 542 si
521 507 565 539 uon
579 492 714 550 formaliter,
729 505 792 540 certa

33 573 170 618 eminenter.

63 646 296 701 11.Continuaesunt,
310 646 360 691 sine
371 644 548 698 intermissione,
561 645 610 689 sine
623 644 791 699 imminutione,

34 721 84 764 sine
96 720 240 775 levamento,
253 721 303 765 sine
319 719 410 765 solatio.
423 719 476 766 Nou
487 719 595 775 trabebant
609 721 708 777 reqttiem
719 720 754 764 clia
768 733 794 764 oo

34 799 96 838 noete
106 794 142 852 (tl,
153 795 193 838 sed
202 793 444 839 indesinentereadem
457 795 477 836 vi
490 793 667 851 torquebuntur.
679 792 746 838 Divos
754 795 791 851 (3),
829 849 831 851 Ι

35 867 72 911 ille
89 866 152 912 abis
171 866 231 911 mille
246 869 312 913 annis
331 866 444 925 guttulam
458 866 523 925 petit,
543 873 567 911 et
583 866 675 934 guttula
687 872 791 924 negatur,
818 853 820 857 ⁸

35 941 154 994 minimum
174 942 256 1001 utique
274 940 390 987 solatium.
408 941 467 986 Hine
484 953 549 1000 purae
569 945 630 997 sunt,
650 953 695 985 non
715 941 795 1000 quales

35 1022 123 1064 nostrae
135 1017 224 1064 solatiis
240 1018 378 1078 quibusdam
393 1017 523 1077 permixtae,
535 1021 558 1062 et
572 1016 701 1063 latisoentis
713 1016 795 1063 saltem

35 1098 125 1141 naturae
134 1094 390 1156 morulisinterpolatae.

64 1169 143 1220 111.AE
156 1182 218 1215 arnae
230 1177 291 1225 sunt,
312 1169 360 1214 sine
378 1170 431 1223 fine,
445 1169 494 1215 sine
511 1169 557 1214 ulla
574 1168 749 1228 evadendispe,
762 1170 796 1227 sio

36 1248 62 1287 ut
79 1249 154 1289 totum
171 1244 308 1290 aeternitatis
323 1244 413 1303 pondus
433 1244 541 1290 damnato
561 1244 657 1301 singulis
666 1243 797 1288 momentis

35 1318 162 1364 incumbat.
179 1320 260 1376 Cogita
277 1332 322 1365 non
336 1332 448 1365 annorum
467 1319 506 1364 sed
525 1318 654 1363 seculorum
671 1306 794 1378 myriades,

37 1400 60 1436 et
73 1405 112 1437 eas
125 1406 166 1451 per
179 1393 236 1438 alias
248 1392 365 1452 myriades
385 1392 512 1452 multiplica
528 1393 623 1450 quoties
634 1392 734 1445 libuerit,
752 1405 798 1437 non

38 1467 141 1511 invenies
152 1468 290 1513 aeternitatis
303 1480 345 1511 nee
362 1467 438 1520 finem,
452 1468 494 1511 nec
510 1465 702 1519 imminutionem.
717 1467 809 1524 Cogitav

38 1542 155 1600 ingentem
169 1541 262 1601 globum
272 1554 363 1589 aeneum
374 1543 417 1588 toti
430 1542 575 1588 firmamento
586 1541 708 1601 aequalem,
719 1542 798 1587 miseri

37 1616 196 1663 homuncionis
207 1617 309 1664 numeris
319 1618 530 1678 superimpositum,
543 1624 566 1663 et
579 1616 612 1662 illi
624 1621 726 1664 totosuo
738 1631 798 1678 pon-

39 1692 93 1739 dere
103 1693 282 1740 incumbentem.
294 1693 350 1751 Quis
362 1694 405 1740 hoo
418 1693 511 1755 capiat?
523 1693 649 1740 AEternitas
660 1699 694 1740 est
707 1694 798 1741 duratio

39 1769 223 1824 interminabilis,
239 1783 329 1830 semper
344 1783 454 1829 praesens,
469 1782 587 1829 nunquam
602 1769 711 1815 finienda.
725 1770 798 1827 Quam

39 1842 142 1888 terribile
154 1850 189 1888 est
200 1856 290 1903 semper
302 1843 391 1897 ardere,
405 1848 428 1887 et
443 1857 561 1906 nun-quam
574 1843 689 1888 consumit
704 1845 798 1895 minima

1 1911 4 1914 ’
39 1917 101 1963 mala
112 1916 265 1962 diuturnitate
277 1917 430 1962 intolerabilia
443 1914 509 1973 sunt}
526 1920 582 1977 quin
597 1924 620 1961 et
636 1919 726 1980 delieiae
741 1920 799 1976 ipsae

40 1991 162 2036 duratione
180 1991 204 2037 in
220 1992 332 2052 supplicia
349 1996 481 2046 vertentem
501 1991 616 2050 quomodo
631 1980 685 2051 ergo
697 1992 800 2037 habiture

38 2067 125 2124 poteris
135 2081 184 2112 enm
194 2068 245 2128 ipae
253 2068 382 2122 devorante,
389 2075 410 2113 et
418 2081 468 2112 oum
474 2067 596 2113 ardoribus
600 2068 744 2127 sarrtpiterut's
752 2068 799 2126 (atr

40 2141 99 2187 Hiuo
124 2142 267 2203 desperatio,
289 2143 370 2200 fletus,
393 2142 480 2189 stridor
500 2142 617 2200 dentium,
642 2134 801 2191 desiderabunt

41 2217 107 2272 ruori,
116 2211 138 2263 et
147 2231 208 2265 mors
215 2212 288 2280 sapiet
300 2218 326 2265 ab
337 2219 369 2265 eis
379 2218 415 2279 (ὅ).

71 2294 184 2355 Compara
194 2309 275 2357 prunas
289 2296 339 2342 illas
350 2309 402 2342 oum
414 2296 487 2356 poenis
498 2296 567 2356 hujus
579 2294 642 2349 nitae,
654 2297 677 2341 in
689 2310 736 2356 qua
748 2303 801 2342 sunt

43 2369 102 2414 mala
111 2370 184 2416 mixtu
194 2371 269 2416 bonis.
278 2373 320 2417 Hae
330 2377 383 2417 sunt
394 2372 511 2430 partiales,
522 2371 635 2424 limitatae,
646 2371 800 2431 interpola-tae,

43 2442 131 2499 minare,
149 2457 176 2489 eo
192 2444 311 2492 breviores
327 2458 373 2505 quo
385 2445 494 2499 acriores,
512 2450 535 2489 et
550 2445 691 2503 longissimae
708 2446 802 2498 tandem

457 2594 483 2639 (t)
490 2593 513 2630 ls.
522 2566 586 2629 xxxin.
641 2608 643 2610 >

457 2642 482 2686 (5)
492 2639 564 2684 Apoeal.
574 2647 601 2674 rx.
611 2651 614 2657 ·
