1715 2908
185 198 312 233 succuum
329 198 499 236 nnanounoAE
517 200 628 236 uncturus
737 187 786 238 209

27 294 189 342 versationum
201 293 286 339 nostris
298 292 328 338 sit
340 293 457 355 quoddam
470 294 609 353 tyrocinium
627 296 786 341 conversatio-

26 372 61 418 nis
73 383 127 415 cum
139 369 248 424 externis,
256 369 316 414 inter
327 381 385 429 quos
397 369 486 415 versari
496 368 646 425 debemus,ot
662 370 695 415 soi
708 376 786 424 terrac,

26 451 50 492 ot
65 446 106 491 inor
116 444 196 489 rrzoodi
210 444 247 502 (i).

54 520 92 563 ΙΙΙ.
102 544 132 552 -
142 518 212 563 Extra
225 523 330 574 tempora
350 517 489 563 recreationi
508 517 632 576 assignata,
645 531 698 563 raro
715 531 788 576 agen-

26 596 124 637 dumest
136 592 246 651 privatim
263 602 315 636 curn
325 591 419 646 nostris,
431 604 474 635 nec
490 589 534 635 nisi
551 605 579 636 en
595 593 734 637 necessitate
750 593 785 637 vei

26 665 257 726 charitate,adeoque
267 678 312 710 non
325 664 353 711 de
366 665 434 711 rebus
448 665 519 721 canis,
530 665 570 711 sed
581 665 617 712 vei
628 666 657 712 ad
668 666 785 725 spiritum,

27 743 61 790 vel
74 742 102 788 ad
113 741 191 787 studia
204 746 227 786 et
238 741 350 801 cujusque
361 740 437 788 officia
452 741 632 801 pertinentibus3
647 741 716 803 idque
730 742 786 787 bre-

25 812 92 874 uiter,
106 818 176 872 serio,
189 830 233 863 nec
242 817 292 863 sine
303 816 424 863 facultate.

53 894 93 940 IV.
104 919 131 927 -
143 894 178 939 lta
196 906 249 938 cum
267 891 381 946 omnibns,
394 891 443 938 siva
462 891 603 947 domesticis
618 893 667 938 sive
683 894 784 939 externis

26 984 75 1030 age,
89 976 113 1015 ut
125 982 191 1014 nemo
202 982 227 1014 se
238 983 251 1014 a
264 974 287 1013 te
299 969 415 1013 contemni
427 974 503 1027 potet.

57 1046 83 1090 V.
94 1070 121 1078 -
132 1044 281 1090 conversatio
294 1051 334 1090 tua
347 1056 437 1103 semper
450 1043 480 1089 sit
493 1057 521 1088 ex
535 1042 667 1089 charitate:
680 1043 784 1103 adeoque
827 1071 830 1074 »

26 1124 57 1167 ita
68 1121 140 1179 prosit
148 1121 177 1165 iis
188 1119 326 1178 quibuscum
339 1119 396 1176 agis,
409 1124 434 1162 ut
447 1117 498 1163 aliis
509 1131 554 1162 non
565 1125 658 1163 noceat.

53 1195 91 1241 VI.
102 1219 132 1227 -
144 1193 252 1239 Omnium
263 1193 402 1252 quibuscum
413 1193 462 1251 agis
471 1193 538 1251 genio
547 1198 571 1237 et
581 1191 661 1248 indoli,
672 1200 786 1252 quantum

25 1275 97 1329 potes,
109 1274 133 1313 te
144 1267 302 1322 accommoda,
316 1266 395 1312 ntitas
406 1266 482 1311 oracio
494 1266 595 1311 coraibus
609 1267 648 1324 (2).

5 1390 7 1394 ,
53 1343 103 1390 vtt.
116 1367 144 1377 -
157 1343 214 1387 Cum
223 1340 347 1399 ,agendum
366 1345 401 1386 est
420 1341 448 1386 de
471 1341 563 1398 negotio
587 1341 661 1400 gravi,
676 1347 717 1386 ant
733 1354 786 1387 cum

26 1410 127 1479 personis
137 1415 288 1476 dignioribus
297 1415 395 1462 dicenda
408 1415 471 1475 prius
484 1414 604 1472 meditare,
617 1429 657 1462 cor
668 1416 698 1463 ad
710 1417 783 1463 Deum

26 1495 94 1554 erige,
105 1492 219 1551 Angelum
232 1498 298 1538 tuum
310 1498 333 1538 et
351 1491 449 1537 atterius
464 1491 554 1548 invoca,
566 1498 590 1538 et
608 1497 713 1553 optatum
731 1505 787 1539 suc-

26 1584 115 1618 cessum
128 1577 190 1630 pete.

53 1647 113 1693 Vttt.
126 1671 153 1679 -
167 1646 224 1691 Gnm
234 1643 387 1691 saecuiaribus
398 1657 440 1702 age
452 1647 543 1689 tantum
557 1642 667 1689 derebus
681 1644 734 1704 piis,
747 1649 787 1690 aut

26 1728 88 1768 certe
102 1721 205 1766 honestis
221 1725 245 1764 et
264 1717 462 1774 convenientibus,
479 1723 503 1764 et
520 1718 626 1764 eomodo
648 1731 694 1779 quo
709 1719 784 1777 decet,

27 1795 135 1856 spectatis
148 1794 262 1839 omnibns.

53 1872 96 1916 IX.
109 1895 139 1904 -
151 1870 212 1915 Cave
222 1882 250 1913 ne
262 1868 345 1913 altiora
365 1874 458 1921 tractes,
472 1867 501 1912 ad
518 1870 596 1912 omnia
611 1867 682 1914 dubia
695 1874 786 1913 extem-

27 1944 61 2004 pio
71 1944 219 2005 respondeas,
233 1948 274 1989 aut
285 1942 336 1988 aliis
348 1941 415 1988 facite
426 1941 582 1987 contradicas

54 2020 86 2065 X.
97 2020 202 2065 -Nova
215 2024 238 2064 et
251 2017 341 2063 curiosa
358 2030 387 2061 ne
399 2015 521 2075 exquiras,
534 2029 585 2071 nec,
599 2016 618 2061 si
631 2021 714 2075 sponte
730 2029 787 2062 nar-

27 2099 112 2149 rentur,
127 2093 236 2139 ostendas
246 2091 289 2137 tibi
302 2091 368 2136 vaide
380 2091 472 2150 placere
483 2090 519 2136 vei
532 2089 662 2150 displicere.

54 2167 96 2212 ΧΙ,
111 2193 138 2201 -
151 2167 196 2212 Eos
206 2162 248 2228 qni¹
263 2171 285 2211 te
297 2164 387 2216 consilii
400 2178 471 2211 causa
483 2164 578 2222 adeunt,
591 2177 634 2226 pro
650 2177 730 2211 eorum
746 2178 789 2212 ca-

28 2245 135 2301 pacitate,
157 2243 233 2304 quoad
252 2247 326 2304 potes,
345 2241 412 2302 plene
432 2241 530 2288 instrue.
551 2241 623 2300 Alios,
641 2241 682 2302 qui
701 2241 789 2289 nulium

28 2317 126 2367 fructum
137 2319 262 2380 specialem
273 2326 388 2380 quaerunt,
400 2316 504 2364 breviter
522 2318 604 2379 expedi
617 2333 622 2362 :
634 2325 658 2364 et
671 2318 691 2364 si
705 2320 790 2379 saepius

29 2394 157 2455 importune
170 2395 275 2451 redeunt,
288 2394 368 2441 mortis
381 2400 421 2439 aut
429 2393 512 2452 jndioit
526 2393 670 2439 sermonibus
688 2402 788 2441 extorre.

54 2471 108 2516 XII.
120 2470 181 2516 -Si
193 2484 251 2530 quos
264 2470 334 2516 officii
346 2482 416 2515 causa
429 2469 519 2524 invisis,
533 2482 588 2515 cura
601 2475 627 2514 ut
645 2469 669 2515 id
682 2470 790 2530 religioso

29 2546 95 2591 modo
105 2546 154 2601 fiat,
167 2546 245 2591 necin
257 2559 284 2591 eo
296 2546 348 2606 pius
362 2545 474 2605 temporis
483 2544 614 2605 impendas,
627 2559 699 2605 quant
713 2546 791 2592 ohari-

30 2620 63 2664 tas
76 2627 99 2666 et
108 2621 218 2667 honestas
230 2620 340 2681 postuiat.

51 2707 77 2752 (t)
85 2709 151 2747 datto.
160 2719 180 2746 v.
263 2742 265 2746 ,
444 2709 471 2756 (2)
480 2709 488 2745 i
498 2708 580 2746 Corinth.
592 2718 619 2746 rx.
