<?xml version="1.0" encoding="UTF-8"?>
<!DOCTYPE html PUBLIC "-//W3C//DTD XHTML 1.0 Transitional//EN"
    "http://www.w3.org/TR/xhtml1/DTD/xhtml1-transitional.dtd">
<html xmlns="http://www.w3.org/1999/xhtml" xml:lang="en" lang="en">
 <head>
  <title>
</title>
<meta http-equiv="Content-Type" content="text/html;charset=utf-8" />
  <meta name='ocr-system' content='tesseract 3.04.00' />
  <meta name='ocr-capabilities' content='ocr_page ocr_carea ocr_par ocr_line ocrx_word'/>
</head>
<body>
  <div class='ocr_page' id='page_1' title='image "MN5052ucmf_3_0323.png"; bbox 0 0 1715 2908; ppageno 0'>
   <div class='ocr_carea' id='block_1_1' title="bbox 74 87 679 143">
    <p class='ocr_par' dir='ltr' id='par_1_1' title="bbox 74 87 679 143">
     <span class='ocr_line' id='line_1_1' title="bbox 74 87 679 143; baseline 0 -3"><span class='ocrx_word' id='word_1_1' title='bbox 74 89 125 143; x_wconf 82' lang='lat'>310</span> <span class='ocrx_word' id='word_1_2' title='bbox 266 105 324 143; x_wconf 85' lang='lat' dir='ltr'>oms</span> <span class='ocrx_word' id='word_1_3' title='bbox 342 102 498 141; x_wconf 76' lang='lat' dir='ltr'>unicnsnuus</span> <span class='ocrx_word' id='word_1_4' title='bbox 517 102 647 143; x_wconf 82' lang='lat' dir='ltr'>snounous</span> <span class='ocrx_word' id='word_1_5' title='bbox 677 87 679 90; x_wconf 76' lang='grc'><strong>’</strong></span> 
     </span>
    </p>
   </div>
   <div class='ocr_carea' id='block_1_2' title="bbox 180 310 730 368">
    <p class='ocr_par' dir='ltr' id='par_1_2' title="bbox 180 310 730 368">
     <span class='ocr_line' id='line_1_2' title="bbox 180 310 730 368; baseline -0.004 0"><span class='ocrx_word' id='word_1_6' title='bbox 180 312 263 368; x_wconf 80' lang='lat' dir='ltr'>DIES</span> <span class='ocrx_word' id='word_1_7' title='bbox 288 311 510 368; x_wconf 75' lang='lat' dir='ltr'>Totonsntos</span> <span class='ocrx_word' id='word_1_8' title='bbox 537 310 730 367; x_wconf 78' lang='lat' dir='ltr'>SECUNDUS</span> 
     </span>
    </p>
   </div>
   <div class='ocr_carea' id='block_1_3' title="bbox 143 421 769 476">
    <p class='ocr_par' dir='ltr' id='par_1_3' title="bbox 143 421 769 476">
     <span class='ocr_line' id='line_1_3' title="bbox 143 421 769 476; baseline -0.002 -17"><span class='ocrx_word' id='word_1_9' title='bbox 143 422 301 468; x_wconf 75' lang='lat' dir='ltr'><strong>QUARTAE</strong></span> <span class='ocrx_word' id='word_1_10' title='bbox 334 421 570 459; x_wconf 78' lang='lat' dir='ltr'><strong>HEBDOMADAE</strong></span> <span class='ocrx_word' id='word_1_11' title='bbox 599 421 769 476; x_wconf 81' lang='lat' dir='ltr'><strong>QUARTUS</strong></span> 
     </span>
    </p>
   </div>
   <div class='ocr_carea' id='block_1_4' title="bbox 203 517 708 607">
    <p class='ocr_par' dir='ltr' id='par_1_4' title="bbox 203 517 708 607">
     <span class='ocr_line' id='line_1_4' title="bbox 203 517 708 557; baseline 0 -11"><span class='ocrx_word' id='word_1_12' title='bbox 203 518 292 547; x_wconf 73' lang='lat' dir='ltr'>pullenus</span> <span class='ocrx_word' id='word_1_13' title='bbox 302 518 433 547; x_wconf 76' lang='lat' dir='ltr'>nscnnstontls</span> <span class='ocrx_word' id='word_1_14' title='bbox 443 517 530 557; x_wconf 78' lang='lat' dir='ltr'>CHRISTI,</span> <span class='ocrx_word' id='word_1_15' title='bbox 541 517 585 547; x_wconf 83' lang='lat' dir='ltr'>SIVE</span> <span class='ocrx_word' id='word_1_16' title='bbox 595 517 708 547; x_wconf 75' lang='lat' dir='ltr'>nusansth</span> 
     </span>
     <span class='ocr_line' id='line_1_5' title="bbox 272 578 640 607; baseline -0.008 0"><span class='ocrx_word' id='word_1_17' title='bbox 272 579 300 607; x_wconf 85' lang='lat' dir='ltr'>ET</span> <span class='ocrx_word' id='word_1_18' title='bbox 310 578 451 607; x_wconf 80' lang='lat' dir='ltr'><strong>OPERATIONES</strong></span> <span class='ocrx_word' id='word_1_19' title='bbox 462 578 552 607; x_wconf 63' lang='lat' dir='ltr'>sumnus</span> <span class='ocrx_word' id='word_1_20' title='bbox 562 579 640 607; x_wconf 75' lang='lat' dir='ltr'>SANCTI-</span> 
     </span>
    </p>
   </div>
   <div class='ocr_carea' id='block_1_5' title="bbox 75 657 838 794">
    <p class='ocr_par' dir='ltr' id='par_1_5' title="bbox 75 657 838 794">
     <span class='ocr_line' id='line_1_6' title="bbox 106 657 838 719; baseline 0 -15"><span class='ocrx_word' id='word_1_21' title='bbox 106 657 231 704; x_wconf 81' lang='lat' dir='ltr'>Ascoodcos</span> <span class='ocrx_word' id='word_1_22' title='bbox 250 658 355 706; x_wconf 75' lang='lat' dir='ltr'>Christos</span> <span class='ocrx_word' id='word_1_23' title='bbox 371 659 397 704; x_wconf 84' lang='lat' dir='ltr'>lo</span> <span class='ocrx_word' id='word_1_24' title='bbox 415 659 494 714; x_wconf 78' lang='lat' dir='ltr'>altono,</span> <span class='ocrx_word' id='word_1_25' title='bbox 508 660 621 719; x_wconf 81' lang='lat' dir='ltr'>captivom</span> <span class='ocrx_word' id='word_1_26' title='bbox 635 659 704 705; x_wconf 79' lang='lat' dir='ltr'>dooll</span> <span class='ocrx_word' id='word_1_27' title='bbox 722 658 838 717; x_wconf 79' lang='lat' dir='ltr'>coptiolto·</span> 
     </span>
     <span class='ocr_line' id='line_1_7' title="bbox 75 731 600 794; baseline 0.008 -16"><span class='ocrx_word' id='word_1_28' title='bbox 75 738 128 788; x_wconf 83' lang='lat' dir='ltr'>tem,</span> <span class='ocrx_word' id='word_1_29' title='bbox 140 733 201 780; x_wconf 76' lang='lat' dir='ltr'>tecto</span> <span class='ocrx_word' id='word_1_30' title='bbox 211 734 270 779; x_wconf 77' lang='lat' dir='ltr'>llooo</span> <span class='ocrx_word' id='word_1_31' title='bbox 281 734 415 781; x_wconf 77' lang='lat' dir='ltr'>ltoutt&#39;nt&#39;los.</span> <span class='ocrx_word' id='word_1_32' title='bbox 429 734 513 794; x_wconf 87' lang='lat' dir='ltr'>Ephes.</span> <span class='ocrx_word' id='word_1_33' title='bbox 524 749 557 782; x_wconf 81' lang='lat' dir='ltr'>iv.</span> <span class='ocrx_word' id='word_1_34' title='bbox 598 731 600 734; x_wconf 64' lang='grc'>’</span> 
     </span>
    </p>
   </div>
   <div class='ocr_carea' id='block_1_6' title="bbox 354 871 560 918">
    <p class='ocr_par' dir='ltr' id='par_1_6' title="bbox 354 871 560 918">
     <span class='ocr_line' id='line_1_8' title="bbox 354 871 560 918; baseline 0.005 -4"><span class='ocrx_word' id='word_1_35' title='bbox 354 872 372 915; x_wconf 91' lang='grc' dir='ltr'>Ι.</span> <span class='ocrx_word' id='word_1_36' title='bbox 389 871 560 918; x_wconf 76' lang='lat' dir='ltr'>olnotTnTlO.</span> 
     </span>
    </p>
   </div>
   <div class='ocr_carea' id='block_1_7' title="bbox 202 966 716 1027">
    <p class='ocr_par' dir='ltr' id='par_1_7' title="bbox 202 966 716 1027">
     <span class='ocr_line' id='line_1_9' title="bbox 202 966 716 1027; baseline 0 -16"><span class='ocrx_word' id='word_1_37' title='bbox 202 968 324 1012; x_wconf 77' lang='lat' dir='ltr'>Dosconsns</span> <span class='ocrx_word' id='word_1_38' title='bbox 339 966 442 1026; x_wconf 74' lang='lat' dir='ltr'>Splot&#39;tos</span> <span class='ocrx_word' id='word_1_39' title='bbox 457 967 535 1013; x_wconf 82' lang='lat' dir='ltr'>Sonott&#39;</span> <span class='ocrx_word' id='word_1_40' title='bbox 551 968 576 1013; x_wconf 79' lang='lat' dir='ltr'>lo</span> <span class='ocrx_word' id='word_1_41' title='bbox 593 969 716 1027; x_wconf 78' lang='lat' dir='ltr'><em>Apostolos.</em></span> 
     </span>
    </p>
   </div>
   <div class='ocr_carea' id='block_1_8' title="bbox 105 1065 402 1104">
    <p class='ocr_par' dir='ltr' id='par_1_8' title="bbox 105 1065 402 1104">
     <span class='ocr_line' id='line_1_10' title="bbox 105 1065 402 1104; baseline -0.003 -1"><span class='ocrx_word' id='word_1_42' title='bbox 105 1067 226 1103; x_wconf 80' lang='lat' dir='ltr'>Proetodtooi</span> <span class='ocrx_word' id='word_1_43' title='bbox 236 1068 254 1104; x_wconf 83' lang='lat' dir='ltr'>I.</span> <span class='ocrx_word' id='word_1_44' title='bbox 270 1085 296 1093; x_wconf 81' lang='lat'>---</span> <span class='ocrx_word' id='word_1_45' title='bbox 308 1065 402 1104; x_wconf 78' lang='lat' dir='ltr'>Historia.</span> 
     </span>
    </p>
   </div>
   <div class='ocr_carea' id='block_1_9' title="bbox 76 1140 840 1243">
    <p class='ocr_par' dir='ltr' id='par_1_9' title="bbox 76 1140 840 1243">
     <span class='ocr_line' id='line_1_11' title="bbox 104 1140 840 1190; baseline 0.001 -13"><span class='ocrx_word' id='word_1_46' title='bbox 104 1143 225 1178; x_wconf 71' lang='lat' dir='ltr'>Praetutium</span> <span class='ocrx_word' id='word_1_47' title='bbox 241 1142 268 1178; x_wconf 86' lang='grc' dir='ltr'>ΙΙ.</span> <span class='ocrx_word' id='word_1_48' title='bbox 286 1161 311 1168; x_wconf 90' lang='grc'>-</span> <span class='ocrx_word' id='word_1_49' title='bbox 329 1140 424 1190; x_wconf 73' lang='lat' dir='ltr'>Discipuli</span> <span class='ocrx_word' id='word_1_50' title='bbox 445 1140 465 1178; x_wconf 88' lang='lat' dir='ltr'>in</span> <span class='ocrx_word' id='word_1_51' title='bbox 484 1140 586 1179; x_wconf 76' lang='lat' dir='ltr'>coenaculo</span> <span class='ocrx_word' id='word_1_52' title='bbox 605 1145 684 1179; x_wconf 82' lang='lat' dir='ltr'>orontes</span> <span class='ocrx_word' id='word_1_53' title='bbox 702 1151 747 1179; x_wconf 89' lang='lat' dir='ltr'>cum</span> <span class='ocrx_word' id='word_1_54' title='bbox 765 1140 840 1190; x_wconf 83' lang='lat' dir='ltr'>linguis</span> 
     </span>
     <span class='ocr_line' id='line_1_12' title="bbox 76 1192 288 1243; baseline -0.009 -12"><span class='ocrx_word' id='word_1_55' title='bbox 76 1192 142 1243; x_wconf 81' lang='lat' dir='ltr'>igneis</span> <span class='ocrx_word' id='word_1_56' title='bbox 152 1204 213 1242; x_wconf 81' lang='lat' dir='ltr'>supra</span> <span class='ocrx_word' id='word_1_57' title='bbox 223 1199 288 1242; x_wconf 80' lang='lat' dir='ltr'>capnt.</span> 
     </span>
    </p>
   </div>
   <div class='ocr_carea' id='block_1_10' title="bbox 105 1266 686 1317">
    <p class='ocr_par' dir='ltr' id='par_1_10' title="bbox 105 1266 686 1317">
     <span class='ocr_line' id='line_1_13' title="bbox 105 1266 686 1317; baseline 0.005 -14"><span class='ocrx_word' id='word_1_58' title='bbox 105 1268 226 1304; x_wconf 79' lang='lat' dir='ltr'>Proetodioot</span> <span class='ocrx_word' id='word_1_59' title='bbox 235 1269 273 1305; x_wconf 86' lang='grc' dir='ltr'>ΠΙ,</span> <span class='ocrx_word' id='word_1_60' title='bbox 284 1266 365 1306; x_wconf 81' lang='lat' dir='ltr'>-Pete</span> <span class='ocrx_word' id='word_1_61' title='bbox 373 1267 458 1306; x_wconf 84' lang='lat' dir='ltr'>coelestis</span> <span class='ocrx_word' id='word_1_62' title='bbox 469 1266 516 1306; x_wconf 87' lang='lat' dir='ltr'>doni</span> <span class='ocrx_word' id='word_1_63' title='bbox 527 1266 627 1317; x_wconf 76' lang='lat' dir='ltr'>particeps</span> <span class='ocrx_word' id='word_1_64' title='bbox 635 1267 686 1306; x_wconf 84' lang='lat' dir='ltr'>licui.</span> 
     </span>
    </p>
   </div>
   <div class='ocr_carea' id='block_1_11' title="bbox 78 1353 845 2550">
    <p class='ocr_par' dir='ltr' id='par_1_11' title="bbox 80 1353 840 1492">
     <span class='ocr_line' id='line_1_14' title="bbox 108 1353 840 1414; baseline -0.001 -14"><span class='ocrx_word' id='word_1_65' title='bbox 108 1356 225 1402; x_wconf 76' lang='lat' dir='ltr'>Poncnmu</span> <span class='ocrx_word' id='word_1_66' title='bbox 240 1356 257 1400; x_wconf 92' lang='lat' dir='ltr'>l.</span> <span class='ocrx_word' id='word_1_67' title='bbox 278 1381 303 1389; x_wconf 84' lang='lat'>—</span> <span class='ocrx_word' id='word_1_68' title='bbox 326 1355 468 1401; x_wconf 81' lang='lat' dir='ltr'>Excellentia</span> <span class='ocrx_word' id='word_1_69' title='bbox 480 1355 533 1400; x_wconf 85' lang='lat' dir='ltr'>doni</span> <span class='ocrx_word' id='word_1_70' title='bbox 550 1355 650 1414; x_wconf 74' lang='lat' dir='ltr'>Spiritus</span> <span class='ocrx_word' id='word_1_71' title='bbox 662 1354 740 1401; x_wconf 83' lang='lat' dir='ltr'>Sancti</span> <span class='ocrx_word' id='word_1_72' title='bbox 753 1353 840 1414; x_wconf 73' lang='lat' dir='ltr'>tripiici</span> 
     </span>
     <span class='ocr_line' id='line_1_15' title="bbox 80 1431 514 1492; baseline -0.002 -16"><span class='ocrx_word' id='word_1_73' title='bbox 80 1444 107 1476; x_wconf 84' lang='lat' dir='ltr'>ex</span> <span class='ocrx_word' id='word_1_74' title='bbox 116 1431 193 1491; x_wconf 80' lang='lat' dir='ltr'>capite</span> <span class='ocrx_word' id='word_1_75' title='bbox 202 1431 319 1492; x_wconf 73' lang='lat' dir='ltr'>praecipue</span> <span class='ocrx_word' id='word_1_76' title='bbox 330 1431 514 1477; x_wconf 82' lang='lat' dir='ltr'>commendatur.</span> 
     </span>
    </p>

    <p class='ocr_par' dir='ltr' id='par_1_12' title="bbox 78 1506 842 1870">
     <span class='ocr_line' id='line_1_16' title="bbox 109 1506 838 1566; baseline 0 -14"><span class='ocrx_word' id='word_1_77' title='bbox 109 1508 136 1552; x_wconf 88' lang='lat' dir='ltr'>l⁰</span> <span class='ocrx_word' id='word_1_78' title='bbox 147 1507 256 1566; x_wconf 82' lang='lat' dir='ltr'>Experto</span> <span class='ocrx_word' id='word_1_79' title='bbox 265 1507 315 1551; x_wconf 89' lang='lat' dir='ltr'>Dei.</span> <span class='ocrx_word' id='word_1_80' title='bbox 324 1508 428 1553; x_wconf 77' lang='lat' dir='ltr'>Christus</span> <span class='ocrx_word' id='word_1_81' title='bbox 437 1506 520 1552; x_wconf 83' lang='lat' dir='ltr'>sedens</span> <span class='ocrx_word' id='word_1_82' title='bbox 533 1506 561 1551; x_wconf 80' lang='lat' dir='ltr'>nd</span> <span class='ocrx_word' id='word_1_83' title='bbox 573 1506 692 1553; x_wconf 79' lang='lat' dir='ltr'>dexteram</span> <span class='ocrx_word' id='word_1_84' title='bbox 703 1507 745 1551; x_wconf 86' lang='lat' dir='ltr'>Dei</span> <span class='ocrx_word' id='word_1_85' title='bbox 755 1507 838 1563; x_wconf 80' lang='lat' dir='ltr'>Patris,</span> 
     </span>
     <span class='ocr_line' id='line_1_17' title="bbox 78 1581 842 1643; baseline 0 -15"><span class='ocrx_word' id='word_1_86' title='bbox 78 1595 191 1628; x_wconf 84' lang='lat' dir='ltr'>unacum</span> <span class='ocrx_word' id='word_1_87' title='bbox 209 1583 259 1642; x_wconf 82' lang='lat' dir='ltr'>ipso</span> <span class='ocrx_word' id='word_1_88' title='bbox 279 1582 352 1628; x_wconf 87' lang='lat' dir='ltr'>mittit</span> <span class='ocrx_word' id='word_1_89' title='bbox 374 1582 485 1643; x_wconf 81' lang='lat' dir='ltr'>Spiritum</span> <span class='ocrx_word' id='word_1_90' title='bbox 507 1582 626 1636; x_wconf 81' lang='lat' dir='ltr'>Sanctum,</span> <span class='ocrx_word' id='word_1_91' title='bbox 646 1583 675 1628; x_wconf 85' lang='lat' dir='ltr'>ad</span> <span class='ocrx_word' id='word_1_92' title='bbox 700 1581 842 1642; x_wconf 86' lang='lat' dir='ltr'>implendum</span> 
     </span>
     <span class='ocr_line' id='line_1_18' title="bbox 79 1658 840 1718; baseline -0.001 -13"><span class='ocrx_word' id='word_1_93' title='bbox 79 1672 137 1718; x_wconf 86' lang='lat' dir='ltr'>opus</span> <span class='ocrx_word' id='word_1_94' title='bbox 150 1671 225 1713; x_wconf 81' lang='lat' dir='ltr'>suum,</span> <span class='ocrx_word' id='word_1_95' title='bbox 238 1666 261 1704; x_wconf 85' lang='lat' dir='ltr'>et</span> <span class='ocrx_word' id='word_1_96' title='bbox 275 1659 408 1705; x_wconf 79' lang='lat' dir='ltr'>missionem</span> <span class='ocrx_word' id='word_1_97' title='bbox 419 1672 486 1705; x_wconf 84' lang='lat' dir='ltr'>suam</span> <span class='ocrx_word' id='word_1_98' title='bbox 498 1658 712 1704; x_wconf 78' lang='lat' dir='ltr'>consummandam.</span> <span class='ocrx_word' id='word_1_99' title='bbox 724 1659 752 1704; x_wconf 85' lang='lat' dir='ltr'>Et</span> <span class='ocrx_word' id='word_1_100' title='bbox 765 1659 840 1718; x_wconf 70' lang='lat' dir='ltr'>Spiri-</span> 
     </span>
     <span class='ocr_line' id='line_1_19' title="bbox 79 1733 842 1794; baseline 0.001 -15"><span class='ocrx_word' id='word_1_101' title='bbox 79 1739 118 1780; x_wconf 87' lang='lat' dir='ltr'>tus</span> <span class='ocrx_word' id='word_1_102' title='bbox 129 1735 179 1794; x_wconf 84' lang='lat' dir='ltr'>ipse</span> <span class='ocrx_word' id='word_1_103' title='bbox 191 1735 291 1781; x_wconf 82' lang='lat' dir='ltr'>Sanctus</span> <span class='ocrx_word' id='word_1_104' title='bbox 301 1734 372 1780; x_wconf 76' lang='lat' dir='ltr'>donat</span> <span class='ocrx_word' id='word_1_105' title='bbox 388 1747 413 1780; x_wconf 87' lang='lat' dir='ltr'>se</span> <span class='ocrx_word' id='word_1_106' title='bbox 428 1733 512 1794; x_wconf 74' lang='lat' dir='ltr'>ipsum,</span> <span class='ocrx_word' id='word_1_107' title='bbox 525 1733 610 1779; x_wconf 90' lang='lat' dir='ltr'>donum</span> <span class='ocrx_word' id='word_1_108' title='bbox 628 1748 703 1794; x_wconf 69' lang='lat' dir='ltr'>snper,</span> <span class='ocrx_word' id='word_1_109' title='bbox 716 1748 788 1780; x_wconf 84' lang='lat' dir='ltr'>omne</span> <span class='ocrx_word' id='word_1_110' title='bbox 805 1736 842 1781; x_wconf 93' lang='lat' dir='ltr'>do·</span> 
     </span>
     <span class='ocr_line' id='line_1_20' title="bbox 79 1809 812 1870; baseline -0.001 -14"><span class='ocrx_word' id='word_1_111' title='bbox 79 1824 143 1865; x_wconf 82' lang='lat' dir='ltr'>num,</span> <span class='ocrx_word' id='word_1_112' title='bbox 156 1809 179 1855; x_wconf 91' lang='lat' dir='ltr'>in</span> <span class='ocrx_word' id='word_1_113' title='bbox 192 1824 239 1870; x_wconf 80' lang='lat' dir='ltr'>quo</span> <span class='ocrx_word' id='word_1_114' title='bbox 252 1815 306 1856; x_wconf 84' lang='lat' dir='ltr'>sunt</span> <span class='ocrx_word' id='word_1_115' title='bbox 315 1810 392 1856; x_wconf 86' lang='lat' dir='ltr'>omnia</span> <span class='ocrx_word' id='word_1_116' title='bbox 404 1810 472 1856; x_wconf 85' lang='lat' dir='ltr'>dona.</span> <span class='ocrx_word' id='word_1_117' title='bbox 485 1809 542 1867; x_wconf 86' lang='lat' dir='ltr'>Quis</span> <span class='ocrx_word' id='word_1_118' title='bbox 554 1809 604 1856; x_wconf 82' lang='lat' dir='ltr'>haec</span> <span class='ocrx_word' id='word_1_119' title='bbox 615 1810 683 1869; x_wconf 81' lang='lat' dir='ltr'>digne</span> <span class='ocrx_word' id='word_1_120' title='bbox 694 1810 812 1856; x_wconf 71' lang='lat' dir='ltr'>mstimetl</span> 
     </span>
    </p>

    <p class='ocr_par' dir='ltr' id='par_1_13' title="bbox 80 1885 843 2248">
     <span class='ocr_line' id='line_1_21' title="bbox 110 1885 840 1946; baseline -0.004 -12"><span class='ocrx_word' id='word_1_121' title='bbox 110 1890 136 1934; x_wconf 74' lang='lat'>2⁰</span> <span class='ocrx_word' id='word_1_122' title='bbox 146 1886 181 1931; x_wconf 83' lang='lat' dir='ltr'>Ex</span> <span class='ocrx_word' id='word_1_123' title='bbox 191 1894 257 1946; x_wconf 80' lang='lat' dir='ltr'>parte</span> <span class='ocrx_word' id='word_1_124' title='bbox 267 1885 375 1931; x_wconf 81' lang='lat' dir='ltr'>hominis.</span> <span class='ocrx_word' id='word_1_125' title='bbox 390 1887 415 1930; x_wconf 92' lang='lat' dir='ltr'>l⁰</span> <span class='ocrx_word' id='word_1_126' title='bbox 436 1886 530 1932; x_wconf 82' lang='lat' dir='ltr'>Summa</span> <span class='ocrx_word' id='word_1_127' title='bbox 548 1886 674 1930; x_wconf 80' lang='lat' dir='ltr'>necessitas</span> <span class='ocrx_word' id='word_1_128' title='bbox 689 1885 758 1945; x_wconf 85' lang='lat' dir='ltr'>hujus</span> <span class='ocrx_word' id='word_1_129' title='bbox 779 1885 840 1937; x_wconf 71' lang='lat' dir='ltr'>doni,</span> 
     </span>
     <span class='ocr_line' id='line_1_22' title="bbox 80 1959 843 2021; baseline 0.003 -16"><span class='ocrx_word' id='word_1_130' title='bbox 80 1959 130 2005; x_wconf 85' lang='lat' dir='ltr'>sine</span> <span class='ocrx_word' id='word_1_131' title='bbox 141 1973 187 2020; x_wconf 85' lang='lat' dir='ltr'>quo</span> <span class='ocrx_word' id='word_1_132' title='bbox 197 1960 284 2006; x_wconf 80' lang='lat' dir='ltr'>frustra</span> <span class='ocrx_word' id='word_1_133' title='bbox 304 1967 380 2006; x_wconf 84' lang='lat' dir='ltr'>essent</span> <span class='ocrx_word' id='word_1_134' title='bbox 398 1960 444 2007; x_wconf 79' lang='lat' dir='ltr'>alie</span> <span class='ocrx_word' id='word_1_135' title='bbox 459 1961 544 2007; x_wconf 78' lang='lat' dir='ltr'>omnia.</span> <span class='ocrx_word' id='word_1_136' title='bbox 558 1964 584 2008; x_wconf 69' lang='lat'>2⁰</span> <span class='ocrx_word' id='word_1_137' title='bbox 600 1960 703 2006; x_wconf 81' lang='lat' dir='ltr'>Positiva</span> <span class='ocrx_word' id='word_1_138' title='bbox 716 1961 843 2021; x_wconf 80' lang='lat' dir='ltr'>indignitas</span> 
     </span>
     <span class='ocr_line' id='line_1_23' title="bbox 80 2034 841 2095; baseline -0.001 -14"><span class='ocrx_word' id='word_1_139' title='bbox 80 2036 143 2082; x_wconf 85' lang='lat' dir='ltr'>illius</span> <span class='ocrx_word' id='word_1_140' title='bbox 161 2037 299 2095; x_wconf 80' lang='lat' dir='ltr'>accipiendi,</span> <span class='ocrx_word' id='word_1_141' title='bbox 323 2051 374 2081; x_wconf 89' lang='lat' dir='ltr'>cum</span> <span class='ocrx_word' id='word_1_142' title='bbox 391 2037 488 2082; x_wconf 84' lang='lat' dir='ltr'>missum</span> <span class='ocrx_word' id='word_1_143' title='bbox 508 2036 537 2082; x_wconf 82' lang='lat' dir='ltr'>ad</span> <span class='ocrx_word' id='word_1_144' title='bbox 560 2050 585 2082; x_wconf 84' lang='lat' dir='ltr'>se</span> <span class='ocrx_word' id='word_1_145' title='bbox 607 2034 690 2081; x_wconf 87' lang='lat' dir='ltr'>Filium</span> <span class='ocrx_word' id='word_1_146' title='bbox 710 2037 841 2082; x_wconf 82' lang='lat' dir='ltr'>occidisset.</span> 
     </span>
     <span class='ocr_line' id='line_1_24' title="bbox 82 2112 843 2172; baseline -0.001 -13"><span class='ocrx_word' id='word_1_147' title='bbox 82 2117 107 2159; x_wconf 82' lang='lat'>3⁰</span> <span class='ocrx_word' id='word_1_148' title='bbox 117 2113 146 2159; x_wconf 83' lang='lat' dir='ltr'>nt</span> <span class='ocrx_word' id='word_1_149' title='bbox 157 2120 235 2159; x_wconf 82' lang='lat' dir='ltr'>tamen</span> <span class='ocrx_word' id='word_1_150' title='bbox 247 2114 310 2159; x_wconf 86' lang='lat' dir='ltr'>Deus</span> <span class='ocrx_word' id='word_1_151' title='bbox 322 2112 402 2172; x_wconf 77' lang='lat' dir='ltr'>offttcllt</span> <span class='ocrx_word' id='word_1_152' title='bbox 413 2113 477 2158; x_wconf 91' lang='lat' dir='ltr'>illum</span> <span class='ocrx_word' id='word_1_153' title='bbox 495 2112 588 2158; x_wconf 80' lang='lat' dir='ltr'>aliunde</span> <span class='ocrx_word' id='word_1_154' title='bbox 605 2126 673 2171; x_wconf 71' lang='lat' dir='ltr'>sopor</span> <span class='ocrx_word' id='word_1_155' title='bbox 691 2127 778 2159; x_wconf 80' lang='lat' dir='ltr'>omnem</span> <span class='ocrx_word' id='word_1_156' title='bbox 789 2128 843 2159; x_wconf 81' lang='lat' dir='ltr'>col·-</span> 
     </span>
     <span class='ocr_line' id='line_1_25' title="bbox 81 2188 791 2248; baseline 0.006 -17"><span class='ocrx_word' id='word_1_157' title='bbox 81 2200 131 2233; x_wconf 80' lang='lat' dir='ltr'>oem</span> <span class='ocrx_word' id='word_1_158' title='bbox 144 2188 182 2246; x_wconf 84' lang='lat' dir='ltr'>(l),</span> <span class='ocrx_word' id='word_1_159' title='bbox 195 2190 219 2233; x_wconf 90' lang='lat' dir='ltr'>in</span> <span class='ocrx_word' id='word_1_160' title='bbox 231 2202 311 2235; x_wconf 86' lang='lat' dir='ltr'>omnes</span> <span class='ocrx_word' id='word_1_161' title='bbox 322 2196 410 2247; x_wconf 83' lang='lat' dir='ltr'>gentes,</span> <span class='ocrx_word' id='word_1_162' title='bbox 424 2188 474 2234; x_wconf 82' lang='lat' dir='ltr'>siue</span> <span class='ocrx_word' id='word_1_163' title='bbox 485 2202 636 2248; x_wconf 81' lang='lat' dir='ltr'>personarum</span> <span class='ocrx_word' id='word_1_164' title='bbox 648 2189 791 2248; x_wconf 77' lang='lat' dir='ltr'>acceptione.</span> 
     </span>
    </p>

    <p class='ocr_par' dir='ltr' id='par_1_14' title="bbox 82 2263 845 2550">
     <span class='ocr_line' id='line_1_26' title="bbox 111 2263 843 2323; baseline 0.001 -15"><span class='ocrx_word' id='word_1_165' title='bbox 111 2264 137 2308; x_wconf 80' lang='lat'>40</span> <span class='ocrx_word' id='word_1_166' title='bbox 153 2263 188 2309; x_wconf 81' lang='lat' dir='ltr'>Ex</span> <span class='ocrx_word' id='word_1_167' title='bbox 206 2272 273 2323; x_wconf 79' lang='lat' dir='ltr'>parte</span> <span class='ocrx_word' id='word_1_168' title='bbox 286 2265 337 2309; x_wconf 87' lang='lat' dir='ltr'>finis</span> <span class='ocrx_word' id='word_1_169' title='bbox 354 2271 377 2310; x_wconf 90' lang='lat' dir='ltr'>et</span> <span class='ocrx_word' id='word_1_170' title='bbox 395 2278 459 2321; x_wconf 87' lang='lat' dir='ltr'>usus,</span> <span class='ocrx_word' id='word_1_171' title='bbox 473 2271 543 2322; x_wconf 78' lang='lat' dir='ltr'>auget</span> <span class='ocrx_word' id='word_1_172' title='bbox 566 2264 665 2323; x_wconf 81' lang='lat' dir='ltr'>pretium</span> <span class='ocrx_word' id='word_1_173' title='bbox 683 2264 771 2310; x_wconf 82' lang='lat' dir='ltr'>utilitas</span> <span class='ocrx_word' id='word_1_174' title='bbox 789 2264 843 2310; x_wconf 89' lang='lat' dir='ltr'>doni</span> 
     </span>
     <span class='ocr_line' id='line_1_27' title="bbox 83 2337 844 2398; baseline 0.001 -16"><span class='ocrx_word' id='word_1_175' title='bbox 83 2337 211 2398; x_wconf 75' lang='lat' dir='ltr'>multiplex.</span> <span class='ocrx_word' id='word_1_176' title='bbox 228 2341 303 2386; x_wconf 83' lang='lat' dir='ltr'>Datur</span> <span class='ocrx_word' id='word_1_177' title='bbox 320 2341 381 2386; x_wconf 90' lang='lat' dir='ltr'>enim</span> <span class='ocrx_word' id='word_1_178' title='bbox 398 2347 424 2386; x_wconf 88' lang='lat' dir='ltr'>ut</span> <span class='ocrx_word' id='word_1_179' title='bbox 444 2341 474 2384; x_wconf 88' lang='lat' dir='ltr'>sit</span> <span class='ocrx_word' id='word_1_180' title='bbox 486 2337 629 2392; x_wconf 69' lang='lat' dir='ltr'>Ponat-letus,</span> <span class='ocrx_word' id='word_1_181' title='bbox 647 2353 687 2384; x_wconf 88' lang='lat' dir='ltr'>seu</span> <span class='ocrx_word' id='word_1_182' title='bbox 708 2339 844 2386; x_wconf 81' lang='lat' dir='ltr'>Consolatoi·</span> 
     </span>
     <span class='ocr_line' id='line_1_28' title="bbox 82 2412 845 2475; baseline 0 -16"><span class='ocrx_word' id='word_1_183' title='bbox 82 2412 240 2471; x_wconf 71' lang='lat' dir='ltr'>intonuisti,</span> <span class='ocrx_word' id='word_1_184' title='bbox 255 2418 295 2475; x_wconf 85' lang='lat' dir='ltr'>qui</span> <span class='ocrx_word' id='word_1_185' title='bbox 313 2422 403 2462; x_wconf 83' lang='lat' dir='ltr'>looooot</span> <span class='ocrx_word' id='word_1_186' title='bbox 423 2414 536 2461; x_wconf 84' lang='lat' dir='ltr'>oobt&#39;sooot</span> <span class='ocrx_word' id='word_1_187' title='bbox 549 2415 574 2459; x_wconf 84' lang='lat' dir='ltr'>lo</span> <span class='ocrx_word' id='word_1_188' title='bbox 585 2420 703 2469; x_wconf 76' lang='lat' dir='ltr'>ottonom,</span> <span class='ocrx_word' id='word_1_189' title='bbox 717 2415 757 2475; x_wconf 88' lang='lat' dir='ltr'>qui</span> <span class='ocrx_word' id='word_1_190' title='bbox 769 2414 845 2460; x_wconf 75' lang='lat' dir='ltr'>&lt;locent</span> 
     </span>
     <span class='ocr_line' id='line_1_29' title="bbox 82 2488 845 2550; baseline -0.001 -16"><span class='ocrx_word' id='word_1_191' title='bbox 82 2502 123 2535; x_wconf 77' lang='lat' dir='ltr'>loos</span> <span class='ocrx_word' id='word_1_192' title='bbox 140 2503 226 2536; x_wconf 77' lang='lat' dir='ltr'>otonem</span> <span class='ocrx_word' id='word_1_193' title='bbox 246 2490 367 2538; x_wconf 75' lang='lat' dir='ltr'>veritatem</span> <span class='ocrx_word' id='word_1_194' title='bbox 384 2489 420 2550; x_wconf 77' lang='lat'>(2),</span> <span class='ocrx_word' id='word_1_195' title='bbox 443 2490 483 2550; x_wconf 86' lang='lat' dir='ltr'>qui</span> <span class='ocrx_word' id='word_1_196' title='bbox 500 2488 727 2549; x_wconf 58' lang='lat' dir='ltr'>supernitentem</span> <span class='ocrx_word' id='word_1_197' title='bbox 746 2489 845 2550; x_wconf 76' lang='lat' dir='ltr'>explicet</span> 
     </span>
    </p>
   </div>
   <div class='ocr_carea' id='block_1_12' title="bbox 106 2615 742 2672">
    <p class='ocr_par' dir='ltr' id='par_1_15' title="bbox 106 2615 742 2672">
     <span class='ocr_line' id='line_1_30' title="bbox 106 2615 742 2672; baseline 0 -12"><span class='ocrx_word' id='word_1_198' title='bbox 106 2623 132 2671; x_wconf 80' lang='lat' dir='ltr'>(ll</span> <span class='ocrx_word' id='word_1_199' title='bbox 145 2625 193 2665; x_wconf 84' lang='lat' dir='ltr'>leel.</span> <span class='ocrx_word' id='word_1_200' title='bbox 201 2635 226 2670; x_wconf 76' lang='lat'>113</span> <span class='ocrx_word' id='word_1_201' title='bbox 237 2621 307 2665; x_wconf 71' lang='lat' dir='ltr'>lotii.</span> <span class='ocrx_word' id='word_1_202' title='bbox 500 2625 526 2672; x_wconf 77' lang='lat'>(2)</span> <span class='ocrx_word' id='word_1_203' title='bbox 534 2615 590 2663; x_wconf 76' lang='lat' dir='ltr'>loun.</span> <span class='ocrx_word' id='word_1_204' title='bbox 601 2633 639 2667; x_wconf 83' lang='lat' dir='ltr'>xiv,</span> <span class='ocrx_word' id='word_1_205' title='bbox 647 2634 670 2661; x_wconf 84' lang='lat' dir='ltr'>xv</span> <span class='ocrx_word' id='word_1_206' title='bbox 679 2628 698 2661; x_wconf 87' lang='lat' dir='ltr'>et</span> <span class='ocrx_word' id='word_1_207' title='bbox 708 2636 742 2660; x_wconf 73' lang='lat' dir='ltr'>xvi,</span> 
     </span>
    </p>
   </div>
   <div class='ocr_carea' id='block_1_13' title="bbox 0 0 872 2908">
    <p class='ocr_par' dir='ltr' id='par_1_16' title="bbox 0 0 872 2908">
     <span class='ocr_line' id='line_1_31' title="bbox 0 0 872 2908; baseline 0 0"><span class='ocrx_word' id='word_1_208' title='bbox 0 0 872 2908; x_wconf 95' lang='lat' dir='ltr'> </span> 
     </span>
    </p>
   </div>
  </div>
 </body>
</html>
