1715 2908
45 164 93 214 150
263 179 447 216 prospecturus
467 180 583 219 eonnros

45 277 155 327 submisit
176 278 238 325 Deus
262 278 390 328 identidem
413 279 553 340 apostolicos
577 279 652 339 riroS,
675 282 727 345 qui,
751 282 806 330 dato

44 355 149 412 classico,
169 357 274 403 homines
298 358 421 405 adiaholo
438 357 467 403 ad
487 372 511 404 se
531 366 676 417 revocarent,
691 361 804 421 exemplo,

44 432 156 486 doctrina,
170 433 298 487 miraculis,
310 448 477 479 successunon
493 436 636 494 poenitendo.

74 508 191 553 Puerorum
211 507 250 551 111.
263 532 290 541 -
308 508 344 554 nd
361 521 403 554 nos
425 510 520 553 tandem
537 509 706 556 transmissum.
724 511 749 553 l⁰
766 509 808 554 His

43 580 174 626 nouissimis
185 581 336 640 temporibus,
350 581 441 627 diabolo
455 596 527 629 nouas
545 589 567 628 et
579 583 690 643 superbas
704 583 806 629 haereses

42 655 178 711 suscitante,
192 656 255 701 Deus
275 662 381 703 sanetum
402 657 518 714 Ignatiurn
536 663 559 703 et
577 659 652 704 socios
673 658 804 721 suscitavit,

42 743 83 789 per
101 743 159 789 quos
175 729 327 777 christianam
344 735 367 776 et
386 730 518 789 religiosam
536 732 713 791 perfectionem,
737 732 805 792 quasi

42 805 150 864 sopitam,
162 806 237 851 denuo
249 805 367 862 excitavit,
379 813 403 852 et
415 819 474 853 novo
494 806 598 852 subsidio
610 807 749 865 militantem
759 806 806 852 Ec-

42 880 144 938 clesiam,
154 882 183 928 ad
196 882 325 929 daemonem
336 882 521 942 expugnandum,
532 882 651 929 roboravit
664 897 670 927 ε
683 886 709 930 20
719 881 755 928 his
764 894 806 928 nos

41 956 104 1017 ipsos
112 956 234 1004 substituit
247 958 276 1011 ad
285 958 422 1011 societatem
434 959 546 1014 vocando,
559 958 659 1018 iuscujus
676 958 728 1005 sinu
738 953 805 1005 loue-

41 1046 100 1089 mur,
111 1033 197 1092 partim
209 1038 234 1079 nt
247 1034 420 1093 perfectionem,
433 1048 446 1080 a
458 1034 584 1093 majoribus
601 1033 667 1080 nobis
684 1034 804 1089 traditam,

42 1113 116 1154 totam
135 1108 283 1168 recipiamus,
303 1116 326 1154 et
349 1109 374 1154 in
393 1109 460 1154 nobis
482 1110 652 1170 exprimamus,
674 1110 760 1168 partim
778 1115 805 1154 ut

41 1182 147 1228 eamdem
160 1189 241 1236 totam,
254 1189 276 1228 et
289 1183 308 1228 si
321 1196 443 1241 possumus
454 1185 590 1238 auctiorem,
605 1183 656 1229 aliis
667 1196 737 1242 quam
750 1182 804 1242 plu-

41 1257 106 1301 rimis
125 1257 335 1311 communicemus;
357 1260 382 1301 3⁰
402 1257 562 1316 Incipiendum
580 1271 592 1302 a
616 1257 757 1311 domesticis
780 1263 804 1301 et

41 1333 170 1378 carendum
180 1345 209 1377 ne
221 1331 326 1377 diabolus
337 1345 404 1378 suum
418 1332 477 1377 inter
492 1345 533 1377 nos
544 1332 652 1377 vexillum
663 1332 745 1391 erigat,
759 1331 804 1376 do-

40 1407 115 1453 ctrina
125 1407 223 1455 honores
234 1407 364 1454 ambiendo.
377 1407 458 1466 Adjice
470 1407 515 1454 tria
525 1407 648 1468 colloquia,
661 1410 687 1451 ut
703 1407 726 1452 in
741 1419 804 1467 prae-

41 1483 141 1529 cedenti.

307 1650 345 1696 111.
363 1650 534 1697 utnotTtTto.

229 1756 263 1801 De
279 1755 355 1802 tribue
369 1755 482 1801 bornicum
500 1755 614 1802 cloaribus,

66 1861 122 1900 Illam
132 1861 176 1912 lege
187 1860 293 1912 diligenter
306 1871 328 1899 ex
339 1860 414 1900 Libello
425 1866 445 1901 et
452 1861 568 1911 Directorio,
580 1864 651 1912 etpost
667 1860 766 1900 Praeludia
773 1860 803 1900 ibi

39 1919 115 1962 notate,
125 1913 158 1952 sit.
442 1920 444 1923 “

69 2010 186 2056 Pomorum
195 2009 213 2054 I.
231 2008 347 2055 -Prirna
366 2007 447 2055 classis
465 2021 545 2054 eorum
561 2011 604 2063 est,
617 2007 657 2067 qui
678 2007 758 2053 dicunt
778 2021 803 2053 se

39 2084 98 2133 velle
108 2085 183 2142 linem,
191 2084 262 2145 idque
274 2097 322 2145 prae
335 2097 359 2131 se
371 2083 456 2140 lerunt,
468 2083 509 2130 sed
520 2079 596 2129 media
606 2082 670 2130 nulla
682 2082 801 2141 adhibent,

39 2163 86 2209 imo
96 2175 140 2209 nec
151 2161 272 2208 demeritis
285 2160 396 2220 cogitant.
408 2161 437 2207 Hi
456 2163 555 2220 turpiter
568 2159 611 2206 sibi
624 2158 731 2216 illudunt,
745 2160 804 2207 sim-

27 2238 124 2300 plicem
138 2237 339 2298 complacentiam,
354 2245 394 2284 aut
411 2237 553 2283 velleitatem
571 2250 661 2297 puram,
674 2250 716 2297 pro
732 2236 803 2283 abso-

40 2315 90 2360 luta
108 2319 131 2359 et
147 2313 234 2360 efficaci
251 2312 370 2359 voluntate
389 2313 537 2373 accipientes,
550 2301 622 2373 quarn
639 2313 659 2359 si
680 2312 801 2368 haherent,

40 2394 136 2447 agerent
149 2388 230 2447 utique
242 2388 302 2447 quod
316 2394 407 2447 oportet
423 2388 453 2434 ad
465 2388 535 2433 linem
551 2386 729 2447 assequendum.
748 2387 803 2434 Haec

39 2463 121 2509 classis
139 2469 175 2508 est
193 2462 358 2521 plurimorum3
370 2463 403 2507 sic
421 2476 446 2508 se
463 2461 549 2507 hahent
569 2461 660 2521 plurimi
679 2461 804 2508 Christiani

39 2537 187 2592 adsalutem,
200 2543 333 2597 peccatores
344 2537 373 2583 ad
384 2537 566 2593 conversionem,
581 2537 691 2598 Religiosi
706 2538 735 2583 ad
748 2550 804 2597 per-

39 2616 172 2661 fectionem.
185 2613 246 2657 Care
257 2618 281 2655 tu
292 2627 320 2656 ne
333 2627 361 2657 ex
374 2612 420 2657 illis
432 2612 472 2657 sis.

59 2691 176 2736 Panormi
186 2685 249 2732 11.-
259 2687 364 2735 Secunda
375 2686 456 2736 classis
466 2698 546 2732 eorum
559 2691 602 2743 est,
617 2687 657 2745 qui
669 2686 745 2745 media
756 2683 803 2744 qui·
