1715 2812
193 153 194 156 ¹
268 131 389 202 arnoesrs
407 144 556 181 annornm.
762 129 793 181 13

61 244 177 292 Exercilia
186 241 280 303 propria
291 241 360 301 hojos
373 240 532 298 hebdomade,
546 241 608 288 oltra
620 241 792 298 meditationes

32 325 86 365 sont
95 312 219 378 utromque
237 329 341 371 examen,
355 318 462 376 generale
474 322 496 363 et
509 314 659 377 particulare,
672 321 695 363 et
712 317 802 375 modus

32 394 81 441 sire
93 392 215 440 methodus
223 390 374 437 consessionis
384 398 408 437 et
419 391 587 438 communionis
599 391 736 453 frequentis.

61 469 94 514 Ει
107 467 192 527 regulis
203 466 227 511 in
239 466 367 526 appendice
378 465 461 525 positis
471 465 517 512 huc
526 467 644 527 pertinent
655 466 745 527 priores
754 481 794 513 ro-

31 543 91 601 gulae
100 542 129 587 de
137 540 295 587 discernendis
302 539 429 600 spiritibus
440 540 490 585 Huc
500 554 592 600 quoque
604 541 708 588 revocari
717 546 794 603 potest

33 619 119 677 primns
128 615 209 662 orandi
222 614 312 671 modus,
327 619 355 661 ex
366 614 441 660 tribus
451 615 483 660 ibi
497 615 598 661 traditis.

61 683 166 738 Secunda
176 690 322 737 hebdomada
331 691 457 751 respondet
464 691 509 738 riae
521 690 689 749 illuminativae,
704 692 795 739 tendit·

32 779 77 827 que
89 765 118 812 ad
131 765 243 811 virtutum
255 766 501 825 exercitationemper
513 764 630 811 assiduam
641 753 726 813 Christi
737 764 794 813 irni-

33 841 152 894 tationem,
166 839 283 899 praecipue
293 839 317 884 in
332 840 429 897 agendo.
443 900 446 905 .

61 913 182 960 Praemissa
206 912 402 973 contemplatione
426 912 454 958 de
483 926 553 972 regno
576 913 674 970 Christi,
694 915 742 961 sive
763 914 793 960 de

31 988 121 1034 Christo
140 1001 195 1047 rege
215 987 329 1033 invitante
348 988 376 1033 ad
397 988 432 1033 sni
448 987 612 1046 imitationem,
629 988 793 1035 meditationes

31 1070 84 1108 sont
101 1061 130 1107 de
141 1061 237 1120 singulis
252 1061 369 1121 mysteriis
384 1061 439 1107 vitae
451 1061 545 1117 Christi,
560 1069 609 1107 tum
622 1062 728 1122 pelvatae,
742 1070 792 1110 tom

32 1136 137 1196 publicae,
150 1138 245 1196 ejusque
256 1136 362 1181 doctrina
375 1143 399 1181 et
409 1136 528 1196 exemplis.

59 1211 142 1257 Forma
153 1210 244 1257 illarum
255 1210 413 1271 praescribitur
425 1211 449 1257 in
461 1210 535 1271 primo
548 1205 672 1268 Exercitio‚
681 1212 743 1272 quod
756 1220 793 1260 est

32 1287 83 1333 de
77 1286 243 1332 incarnatione.
255 1286 424 1332 denotationes
444 1285 556 1346 speciales
566 1291 593 1331 et
609 1288 710 1347 propriae
723 1287 793 1348 hujus

30 1362 182 1408 hebdomadae
193 1362 326 1408 hahentur
320 1375 344 1408 m
356 1362 459 1422 quinque
471 1367 512 1408 not
503 1363 580 1409 tandis
590 1369 642 1423 post
654 1364 793 1424 contempla·

33 1438 153 1483 tionenrr
129 1453 142 1498 q
146 1437 195 1481 nint
197 1450 243 1482 am.

60 1512 484 1573 Exercitiaspiritualiaextramedita
487 1513 623 1560 tionessunt
635 1520 711 1560 tracta
699 1514 792 1561 atosde

31 1591 143 1638 electione
156 1596 238 1644 statos,
254 1590 316 1635 etde
328 1590 383 1636 vitae
394 1589 555 1636 emendatione
566 1603 606 1636 seu
619 1590 791 1650 reformatione,

31 1680 129 1728 quarum
140 1665 226 1724 regular
239 1666 392 1711 accrrrate'ihi
406 1664 537 1710 traduntur.
678 1657 679 1660 ’

12 1784 14 1786 ,
59 1741 93 1786 En
110 1739 228 1799 Regalis
223 1754 246 1785 ιιι
263 1740 307 1785 line
325 1739 386 1786 Lihri
407 1740 455 1798 posi
459 1739 496 1795 tis,
459 1739 554 1785 thac
571 1741 664 1799 proprie
676 1747 727 1800 pert
729 1740 765 1785 ine
762 1746 792 1786 nt

30 1815 124 1875 Regulae
137 1815 277 1876 posteriores
298 1814 327 1860 de
345 1813 504 1861 discernendis
520 1813 587 1874 spirit
579 1814 648 1871 tibae,
660 1821 683 1899 et
697 1814 792 1873 Regnlae

30 1890 59 1935 de
69 1889 235 1936 distribuendis
245 1887 405 1935 eleemosinis.

60 1966 95 2011 Ad
113 1964 209 2011 henot
187 1971 209 2009 et
211 1965 286 2009 iarnr
273 1962 442 2008 hebdomadam
455 1963 559 2009 revocari
579 1975 609 2023 po
611 1967 656 2009 test
675 1963 792 2009 secundus
807 1962 809 1965 ’

30 2040 211 2084 orandimodus

59 2115 85 2160 ln
102 2128 130 2160 ea
145 2114 276 2175 praescrihit
299 2113 399 2161 Libellos
420 2113 583 2159 meditationes
605 2127 647 2173 pro
670 2114 792 2162 duodecim

30 2190 119 2235 diebus.

59 2266 138 2312 Tertia
150 2265 303 2320 hebdomada,
316 2264 456 2324 respondens
473 2264 548 2309 eidem
565 2264 611 2311 riae
621 2264 790 2320 illuminativae,

30 2348 52 2386 et
76 2355 104 2386 ex
127 2346 194 2400 parte
216 2341 319 2392 nnitirae,
338 2339 412 2384 tendit
437 2339 467 2385 ad
489 2327 677 2398 compatiendum
699 2341 792 2386 Christo

30 2415 147 2469 crn'citino,
160 2416 257 2474 ejusque
274 2416 379 2468 virtutes,
391 2413 522 2473 praesertim
533 2413 556 2457 in
568 2413 684 2472 patiendo,
695 2415 792 2461 imitan-

30 2491 79 2544 das,
91 2490 118 2536 ad
131 2502 223 2535 crucem
236 2497 259 2536 et
272 2494 369 2534 mertem
380 2490 430 2547 eius
443 2487 547 2547 exemplo
559 2493 581 2533 et
592 2501 671 2534 amore
681 2489 791 2536 vsubann-

30 2564 92 2610 dam.
409 2626 411 2628 q

59 2639 221 2686 illeditationes
232 2641 287 2685 sont
297 2638 445 2699 despassione
460 2643 483 2684 et
493 2644 569 2701 morte
579 2638 669 2685 Domini
674 2674 679 2695 ,
693 2653 790 2699 quarum
