1715 2908
72 121 120 171 160
291 137 348 172 urus
367 137 477 172 nummus
506 137 615 176 orturus

71 232 191 279 tissimum
207 233 290 292 fugias,
305 233 351 280 imo
370 233 477 279 alacriter
495 238 518 279 et
537 233 665 293 gaudenter
678 233 770 279 subeas.
786 233 836 279 Hoc

72 307 186 366 desidera,
200 308 243 352 hoo
256 316 316 368 pete,
330 308 374 354 hoo
387 310 533 368 prosequere,
547 322 588 368 per
602 307 684 368 triplex
695 306 749 354 illud
763 306 836 354 eollo-

72 385 152 444 quium
165 383 245 429 crebro
258 382 399 429 iterandum.

343 538 380 582 111.
395 537 564 583 MEDITATIO.

73 634 105 679 Dc
122 633 282 693 irruestiqoudu
304 635 346 679 oet
361 635 484 685 uoluntate,
503 641 523 680 et
540 635 677 694 explorando
698 636 772 681 cordis
788 637 833 681 dis-

394 710 516 768 positione.>

32 811 33 818 ¹
99 810 221 846 Proludr'cm
232 810 284 845 1.-
298 807 365 844 Statue
377 812 395 845 te
410 807 478 845 Coram
490 807 529 845 Deo
546 812 565 845 et
583 807 693 857 Caelitibus,
704 800 748 846 eum
764 808 836 848 affectu

71 861 110 910 ipsi
120 870 179 909 quam
192 860 275 897 maxime
285 859 385 908 placendi.

100 936 219 972 Praeludium
231 936 258 974 11.
271 953 296 961 -
313 935 358 971 Pete
374 933 446 971 divinae
461 932 484 970 de
502 938 521 971 te
537 932 646 987 voluntatis
664 934 797 984 cognitionem
818 941 837 973 et

71 986 215 1037 impletionem.
245 994 247 997 ⁴
724 986 727 990 “

103 1076 219 1122 Pomorum
235 1074 253 1119 1.
271 1071 437 1118 -Considera
458 1071 513 1131 quid
533 1072 596 1118 Deus
615 1085 627 1117 a
647 1078 671 1119 te
690 1074 835 1134 potissimum

72 1155 143 1211 petat,
157 1155 180 1196 et
189 1150 266 1209 exigat
278 1147 307 1194 ad
318 1147 415 1207 gloriam
427 1160 501 1193 suam.
514 1146 572 1193 Vide
583 1146 611 1193 ad
623 1147 679 1208 quid
692 1154 715 1195 te
728 1155 802 1204 voret,
814 1154 836 1199 te

73 1226 163 1281 inritet,
177 1231 199 1270 te
210 1229 291 1284 urgeat
301 1222 461 1283 frequentibus
472 1227 512 1268 aut
521 1223 637 1269 continuis
649 1224 756 1281 stimulis,
771 1224 836 1270 illus-

74 1300 219 1355 trationibus,
232 1297 435 1360 inspirationibus,
450 1310 495 1358 quo
514 1302 582 1357 pacto
594 1298 695 1345 videaris
706 1301 756 1360 ejus
768 1300 796 1346 de
815 1306 836 1344 te

73 1376 241 1437 beneplacitum
254 1374 394 1434 imptevisse‚
409 1387 477 1432 eique
490 1373 591 1432 quodam
604 1375 671 1420 modo
688 1375 834 1421 satisfecisse.

74 1453 161 1497 Conare
174 1450 231 1496 illud
243 1449 304 1495 clare
323 1455 345 1494 et
364 1448 475 1493 distincte
487 1455 634 1506 cognoscere,
651 1449 721 1509 idque
734 1450 809 1510 ipsum
824 1465 836 1496 a

74 1530 121 1574 Deo
133 1528 247 1574 instanter
258 1523 534 1586 minuentiumque
545 1524 579 1569 cis
589 1524 662 1583 furere
673 1526 834 1585 tittDominr,

73 1605 124 1648 dore
140 1617 173 1648 me
194 1603 269 1662 furere
288 1602 425 1646 cotimmccc
445 1606 507 1645 tcum
526 1599 565 1657 (2),
587 1600 643 1644 offer
663 1607 684 1646 te
703 1606 731 1647 ad
751 1602 834 1647 omnia.

73 1681 187 1725 Paratum
199 1691 237 1722 ror
246 1690 329 1729 meum,
348 1676 416 1728 Deus,
430 1679 539 1734 puratum
552 1687 590 1719 cor
602 1688 674 1720 mcum
687 1676 726 1735 (3).

104 1755 218 1800 Pomorum
230 1752 259 1797 ΙΙ.
273 1777 300 1784 -
315 1750 441 1797 Considera
452 1749 556 1795 vicissim
574 1749 630 1809 quid
648 1749 704 1795 illud
721 1750 759 1804 sit,
776 1750 836 1810 quod

74 1842 87 1875 a
103 1829 151 1873 Deo
164 1826 310 1887 potissimum
323 1826 448 1884 impetrare
457 1823 538 1879 velles,
550 1830 573 1869 et
584 1837 629 1883 quo
641 1825 735 1871 obtento
748 1826 836 1871 animus

74 1911 127 1949 tuus
140 1903 323 1963 conquiesceret.
342 1900 431 1946 Conare
447 1898 553 1944 similiter
571 1898 626 1946 illud
645 1899 703 1945 bene
721 1913 796 1954 nosse,
815 1906 836 1944 et

73 1992 114 2038 pro
130 1977 174 2023 hoc
186 1978 300 2022 instanter
313 1989 361 2020 ora.
377 1974 450 2021 Urunt
461 1974 518 2032 petii
535 1988 550 2018 u
567 1973 672 2028 Domino,
690 1975 746 2020 huuc
759 1974 836 2033 requi-

69 2053 175 2110 romili).

103 2129 219 2172 Puuorum
235 2127 274 2170 111.
296 2150 322 2158 -
342 2123 468 2169 Considera
486 2122 580 2168 tandem
597 2122 707 2180 quidnam
727 2123 835 2183 impediat

74 2202 196 2260 quominus
207 2206 230 2245 et
239 2199 311 2245 facias
322 2198 383 2258 qnod
395 2211 408 2243 a
422 2203 443 2242 te
455 2198 517 2242 Deus
530 2195 609 2254 exigit,
622 2201 645 2240 et
655 2197 764 2256 impetres
776 2195 834 2257 quod

74 2276 176 2321 vicissim
187 2274 217 2320 ab
225 2274 264 2319 ilto
272 2272 388 2332 postulas3
400 2278 424 2317 et
433 2271 471 2317 ubi
483 2270 574 2317 noveris
585 2270 627 2316 hoc
637 2270 834 2330 impedimentum,

75 2349 143 2394 stude
153 2348 208 2393 iliud
223 2360 338 2403 amovere,
350 2346 420 2392 corde
433 2358 516 2404 magno
527 2350 550 2391 et
561 2344 638 2389 animo
650 2345 750 2390 volente.

106 2422 259 2483 Colloquium.
272 2421 324 2467 Fiat
334 2421 357 2466 in
369 2434 413 2477 me,
424 2422 453 2467 de
463 2434 508 2475 me,
521 2433 550 2465 ex
559 2432 604 2474 me,
616 2433 656 2478 per
668 2434 713 2476 me,
728 2421 790 2465 circa
801 2429 835 2463 mo

99 2604 126 2649 (tt
135 2604 175 2641 Act.
184 2613 212 2640 rx.
237 2642 239 2644 ,
492 2601 518 2645 (3)
527 2600 596 2637 Psalm.
605 2610 643 2637 uri.

99 2650 127 2697 (⁶2)
135 2649 203 2686 Psalm.
212 2658 268 2686 cnon,
493 2647 520 2693 (t)
532 2646 638 2682 Ibidtxxm.
715 2684 717 2687 ¹
