1715 2908
134 191 260 230 sansana
278 182 445 229 aaaoonaoa
462 193 573 230 onerans
595 191 703 230 enarras
748 175 799 229 233

39 279 146 346 singulas¹
161 301 238 335 voces.
256 287 281 334 Si
294 301 339 333 aon
358 289 434 335 tenero
447 294 476 343 te,
488 277 533 333 noni
550 287 637 335 habebis
650 276 740 347 portem
750 282 798 332 me-

39 376 96 408 cam.
109 361 237 409 Tremenda
257 362 419 409 comminatioi
441 362 543 417 Domine,
556 377 600 409 nnn
619 358 708 409 tantam
724 360 795 419 pedes,

40 437 76 481 sed
86 443 107 481 et
117 451 197 482 manans
207 444 228 482 et
244 443 319 495 eopat.
331 437 365 483 Ex
377 438 517 493 obedientia,
530 438 613 483 timore
633 442 656 482 et
669 448 756 483 amore.
768 435 798 481 Et

40 513 73 557 sic
86 525 99 557 a
110 505 202 558 Simone
214 512 243 557 ad
255 511 339 557 tudam
353 527 424 573 usqne
441 503 578 558 [scariotem
589 512 673 572 pergit.
688 510 745 567 Quis
757 510 799 555 hoc

40 586 128 645 capiat!
144 588 196 645 qais
213 587 270 632 satis
289 586 395 631 miretur!
410 601 463 648 quae
481 588 623 646 singulorum
644 585 717 631 mensi
744 585 797 644 spois

41 654 147 706 affectus!
162 661 193 705 Ea
207 661 275 705 dictis
285 662 346 707 Petri
358 666 381 707 et
392 663 507 722 responsis
518 661 602 707 Christi
613 661 711 720 conjice.

69 724 95 779 30
106 735 218 781 Ausculta
234 734 381 782 subsecutam
396 736 577 782 admonitionem
590 750 595 778 ι
607 734 681 788 Scitis,
695 733 749 794 qaid
762 732 798 792 fe-

40 810 196 856 cerimoniis?
208 811 228 855 si
239 823 290 869 erpo
303 824 340 869 epo
359 811 404 856 toni
415 811 481 869 pedes
495 817 587 864 nestros,
599 824 637 870 epo
657 810 768 855 Dominus
778 814 799 854 ct

40 884 148 943 dinpister
161 892 199 931 :et
208 899 245 929 cos
259 884 340 930 dedetis
355 886 413 931 niter
429 886 523 931 atteritis
539 886 616 930 innare
627 884 700 943 pedes.
714 884 799 928 Errem-

39 960 100 1021 piam
115 959 165 1004 dedi
183 960 252 1012 sociis,
266 960 299 1005 ito
317 967 338 1006 et
349 975 386 1005 'cos
400 960 501 1019 faciatis,
513 961 567 1008 Noa
585 966 617 1005 est
632 973 709 1004 seratis
725 960 798 1016 rnnjcr

41 1034 129 1078 cicimiano
139 1048 186 1079 sito.
198 1034 223 1079 Si
236 1035 281 1080 iecee
293 1035 364 1088 scitis,
372 1035 431 1081 beati
442 1035 517 1088 eritis,
530 1035 550 1079 si
560 1034 659 1093 feceritis
670 1048 695 1078 eo
708 1034 744 1091 tt).
759 1036 798 1077 Ar·

40 1113 174 1165 gementum
186 1108 302 1155 efficax'et
315 1109 470 1163 ineluctabile,
483 1123 536 1154 cnm
548 1109 610 1154 facta
621 1109 689 1172 dietis
701 1121 799 1153 concor·

41 1183 104 1235 dant,
122 1189 145 1227 et
165 1177 297 1241 exarnpium
311 1184 429 1242 praecessit
449 1184 645 1238 admonitionem
665 1188 688 1228 et
710 1183 744 1228 sie
762 1182 799 1226 hic

42 1256 159 1302 insimulat
169 1257 319 1317 proditorem.

70 1331 222 1390 Colloqninm.
233 1333 288 1377 Pete
300 1333 350 1379 haee
362 1335 439 1379 omnia
453 1333 522 1392 probe
539 1345 621 1392 capere
632 1336 655 1377 et
665 1330 770 1390 impiere.

306 1484 345 1529 m.
363 1484 533 1555 nranrrinm

330 1582 398 1627 Coeitc
413 1582 515 1640 mystica.

69 1680 188 1716 t'rmtadtam
200 1682 217 1718 Ι.
226 1697 253 1708 -
262 1679 348 1718 Historia
360 1679 491 1718 institutionis
500 1677 637 1718 Eucharistiae.

68 1755 119 1790 aaa
120 1756 188 1790 notiam
198 1756 263 1792 m·-
273 1754 363 1792 Christns
373 1754 429 1793 iilam
439 1754 560 1793 distribuens
571 1753 631 1802 Apost
624 1751 678 1790 tolis.

68 1829 272 1867 Proetndmmttl.—
283 1830 329 1867 Pete
344 1834 387 1868 tant
388 1840 420 1867 am
437 1840 533 1878 amorem,
550 1834 584 1867 tan
585 1832 666 1877 tumque
681 1824 799 1897 beneficiam

42 1889 147 1929 agnoscere
158 1886 177 1918 et
189 1878 223 1919 aest
224 1881 294 1930 imore,
304 1887 326 1919 ut
334 1892 370 1931 par
380 1888 416 1920 est.

73 1970 186 2016 Pomorum
199 1971 258 2014 1.—
242 2018 244 2022 ,
271 1973 341 2015 Awnor
353 1969 455 2016 Christi
449 1983 472 2014 in
482 1967 611 2014 Eucharist
596 1972 636 2012 tra.

72 2046 97 2088 t0
107 2045 161 2090 Post
172 2046 284 2105 insignem
292 2045 446 2091 humititatem
454 2057 577 2103 argaeum,
584 2043 697 2100 insignem
706 2054 799 2101 quoque

42 2118 141 2165 charitat
133 2125 179 2165 tem
188 2121 299 2166 exercuit.
283 2120 364 2166 [Cam
373 2120 405 2165 dit
406 2119 513 2166 emisseti
494 2134 513 2164 si
513 2133 545 2164 ees
557 2117 669 2178 qnietitat
675 2116 799 2170 irnmnnde,

42 2193 145 2251 inptnem
156 2195 237 2242 dilectit
228 2195 313 2254 tiens(
316 2198 329 2253 )
343 2196 435 2240 Modum
453 2196 544 2253 excogit
547 2194 620 2239 avite
609 2191 739 2244 etinvenit‚
754 2194 806 2250 quo

42 2267 163 2314 discedens
174 2284 218 2315 non
231 2270 360 2316 diseederet
373 2270 433 2314 ab
415 2276 494 2324 ers‚et
471 2269 616 2314 etreeedens
628 2266 657 2311 ab
674 2267 747 2313 oculis
759 2280 801 2312 eo-

41 2357 100 2399 rum,
115 2344 159 2389 iiiis
172 2345 252 2390 intime
264 2359 366 2405 praesens
382 2351 452 2389 esset.
465 2344 531 2401 Quod
548 2342 643 2404 perfecit
666 2356 801 2389 sacramen-

36 2422 91 2465 tum
104 2420 219 2466 Passionis
230 2428 253 2467 et
263 2421 343 2467 Mortis
355 2432 404 2467 snae
416 2419 550 2467 memoriale
562 2411 695 2465 instituens.
730 2454 733 2458 .

71 2498 96 2541 20
108 2495 253 2559 decentibus
265 2502 340 2542 antem
353 2496 393 2550 eis,
404 2495 489 2556 occepit
501 2496 565 2543 Jestts
574 2507 663 2554 panem,
678 2500 701 2540 et
712 2490 801 2554 gratias

34 2559 121 2627 agens,
135 2570 254 2624 iertcdiait,
267 2585 293 2616 cr
304 2571 382 2630 erepti,
396 2571 498 2630 deditque
513 2569 635 2629 Dissipatis
644 2570 700 2623 sais,
714 2569 799 2616 eterit:

60 2699 86 2745 tt)
94 2702 147 2738 ioan.
158 2710 195 2739 xrn.
456 2699 482 2744 (2)
492 2699 548 2736 ioan.
559 2709 600 2735 xrrr.
