1715 2908
230 189 322 227 aarum
347 187 516 226 anonomaom
536 188 632 225 sauros
777 174 810 225 91

52 290 113 346 didi3
122 288 180 337 alios
192 289 267 344 docui,
277 301 314 334 me
325 288 401 348 ipsum
413 300 459 333 nou
467 286 534 333 docui
542 301 548 343 3
556 295 674 347 postquam
686 278 739 332 altis
747 300 811 346 prte-

52 364 134 417 de'enoe',
146 363 192 424 ipse
203 362 311 424 reprobas
322 362 452 421 foedassent
462 361 503 421 (l];
524 362 579 419 ccepe'
590 361 710 422 aedificare,
727 366 749 406 et
766 375 811 406 nott
840 406 842 409 ,

60 424 289 496 poteieoasdetmore
299 437 337 495 lt).
344 436 401 493 Quae
412 434 528 481 confusio!

80 512 164 559 Recole
173 525 225 572 qnae
235 511 299 570 impii
308 515 332 555 et
342 515 475 570 peccatores
489 509 575 564 dicant,
587 510 640 569 Sap.
655 511 682 560 δε
693 508 811 556 Peeee'ten-

52 588 109 634 tiam
121 593 210 647 operatos
219 593 240 632 et
248 600 299 646 prce
310 585 417 646 depastio
426 585 523 645 spiritns
537 586 644 646 penitentes
656 583 736 631 dicunt
749 586 812 632 intra

51 677 76 709 se
89 678 94 708 :
106 662 138 708 Hi
147 668 210 717 suet,
219 675 272 722 quos
283 660 432 719 lealtte'mnse'n
439 660 552 717 desistam
565 674 604 707 aas
615 660 811 716 repraesentatione

51 738 142 785 ellonem
161 738 324 785 mstilteabames
345 737 468 792 insolitem,
479 736 558 784 lassati
573 751 649 784 stactus
665 738 691 783 t'e
707 728 744 784 oto
762 737 812 783 iai-

51 815 145 874 qnt'tctis
148 849 193 860 .....
214 813 273 869 aaran
292 814 354 860 euobis
367 813 460 874 prodidi
477 813 599 872 superbie?
611 814 753 859 tradiderunt
770 815 811 859 illa

51 889 139 935 omnin,
757 925 760 930 .

81 963 233 1023 Colloquium.
245 964 338 1011 Utittnm
348 968 452 1022 saperent
462 968 483 1007 et
491 962 651 1021 tetetttpereee,
657 974 683 1006 ne
689 961 811 1007 canusima

51 1035 97 1083 isto
104 1037 252 1096 providerent
265 1036 304 1097 (3)!

315 1189 355 1235 lll.
372 1188 542 1235 lllEDlTATlO.

148 1287 182 1333 De
194 1286 338 1334 damnacione
349 1286 514 1347 Relipiosoenm
525 1292 547 1333 et
558 1287 710 1349 Sacerdotem.
765 1350 767 1353 Ι

77 1388 199 1425 Peoeludtem
208 1389 226 1426 I.
236 1407 262 1415 -
270 1385 342 1437 Specta
351 1387 473 1438 Religiosum
485 1387 508 1426 in
517 1386 602 1426 flammis
611 1388 721 1438 ardentem,
731 1394 751 1427 et
764 1389 810 1428 audi

51 1440 170 1478 clamantem
181 1450 187 1477 :
198 1441 283 1476 denotor
294 1443 317 1477 e'e
324 1442 361 1477 leae
370 1437 451 1488 domme
462 1438 506 1491 (4).v
562 1472 567 1487 ,

76 1515 197 1551 Pendentem
206 1515 234 1552 Π.
246 1533 272 1542 -
283 1513 330 1552 Pete
339 1513 431 1552 timorem
441 1513 574 1552 damnationis
584 1513 696 1551 salutarem.

79 1602 195 1648 Puerorum
213 1602 231 1647 l.
256 1627 283 1635 -
307 1601 417 1661 Religiosi
435 1608 459 1648 et
480 1602 620 1657 sacerdotes,
644 1603 809 1662 cujuscumque

50 1677 157 1733 instituti,
170 1676 275 1723 damnari
284 1681 390 1739 possunt.
604 1740 606 1742 Ι
767 1717 769 1723 ,

80 1753 185 1800 lotlulta
201 1759 224 1799 et
236 1755 295 1800 mira
308 1761 331 1801 et
342 1768 397 1803 vera
414 1755 523 1802 dicuntur
539 1755 568 1802 de
579 1755 640 1802 hono
657 1760 733 1802 status
745 1755 808 1802 Reli-

50 1831 116 1892 giosi‚
130 1838 153 1878 et
166 1831 195 1878 de
204 1838 320 1891 praetensa
335 1832 461 1879 securitate
477 1833 558 1881 salutis
573 1838 668 1881 aeternae
679 1833 809 1893 Religioso-

50 1922 109 1953 rum.
122 1907 275 1955 Nihilominus
286 1913 375 1953 certum
393 1913 429 1954 est
443 1914 466 1954 et
481 1909 646 1964 indubitatum,
661 1909 749 1955 nullum
759 1922 808 1954 essa

49 1983 191 2044 Religiosnm
210 1984 250 2044 qni
268 1983 373 2031 damnari
388 1996 433 2030 non
445 1984 526 2044 possit.
540 1984 642 2041 Quilibet
650 1986 719 2036 enirn,
732 1998 808 2044 quau-

50 2061 135 2106 tumvis
145 2059 282 2119 Religiosus,
297 2064 321 2105 et
332 2060 455 2119 cujtislihet
464 2060 558 2114 ordinis,
570 2065 646 2119 potest
658 2059 733 2106 adhuc
745 2073 809 2105 mor-

50 2134 127 2180 taliter
140 2147 244 2193 peccare,
257 2139 280 2179 at
293 2135 351 2179 mori
364 2136 387 2178 in
400 2147 441 2179 suo
458 2140 562 2192 peceato,
575 2123 808 2194 adeoqne'darnnari.

80 2211 105 2256 2⁰
116 2209 236 2255 laetantur
249 2214 370 2268 praetensae
380 2207 532 2254 revelationes
542 2208 694 2255 morientibus
704 2209 729 2255 in
739 2209 809 2255 certis

51 2285 169 2333 ordinibus
187 2291 300 2334 aeternam
320 2286 418 2334 salutem
438 2293 502 2334 certo
521 2286 691 2348 promittentes.
712 2287 769 2347 Qnae
790 2288 809 2334 si

51 2362 186 2424 simpliciter
204 2370 227 2410 et
239 2363 344 2410 absolute
356 2364 507 2423 accipiantur,
518 2364 601 2410 merito
614 2369 728 2425 suspectae
745 2372 808 2411 sunt.

51 2437 80 2483 Et
97 2445 121 2494 ut
136 2452 198 2486 verae
217 2440 263 2486 sint
280 2440 377 2499 intelligi
393 2440 478 2486 debent
495 2439 538 2486 sub
554 2440 692 2494 conditione,
705 2442 724 2487 si
743 2443 808 2500 Juxta

51 2504 186 2572 Regulaset
198 2514 307 2562 Instituta
320 2529 361 2562 sua
371 2515 478 2571 vixerint,
493 2520 534 2561 aut
547 2528 679 2574 congruam,
693 2516 775 2562 saltem
786 2518 808 2561 in

75 2670 101 2713 (ll
111 2671 117 2705 1
126 2669 208 2706 Corinth.
217 2681 244 2707 ιι,
465 2670 490 2715 (3)
498 2670 597 2708 Deuteron.
607 2682 634 2707 111.

75 2714 101 2759 (ἢ)
109 2714 153 2755 Luc,
162 2726 201 2752 xit.
237 2733 239 2738 ·
466 2715 492 2762 (l)
500 2714 543 2755 Luc.
555 2726 594 2752 rvr.
