1715 2908
235 130 339 171 rucuma
358 119 526 169 eunomianae
545 130 640 166 snxrus
769 114 816 166 281

261 316 368 363 xxviii.
386 286 614 363 uousroaunrross

295 423 328 468 De
344 423 485 469 relocatione
501 424 581 469 oriiuti.

88 531 106 576 Ι.
120 556 151 566 -
163 530 247 591 Aliqua
265 531 334 575 animi
347 530 460 576 relaxatio
473 530 604 577 hominibus
616 531 741 578 societatis
753 531 821 577 vide-

59 613 97 651 tur
108 606 247 659 necessaria,
262 619 314 665 quae
328 606 352 650 fii
365 620 405 665 per
418 604 566 663 colloquium,
581 611 633 670 post
644 607 747 666 corporis
760 606 821 651 refe-

59 682 172 736 ctionem;
186 680 226 726 sed
245 681 300 741 quia
313 681 435 727 collocutio
448 680 542 725 liberior
561 681 629 726 noxia
640 682 677 727 rel
691 681 820 741 periculosa

59 762 102 809 est,
114 757 156 801 nisi
169 756 251 802 modus
264 762 287 801 el
299 757 376 802 cautio
392 755 537 811 adhibeatur,
552 762 578 801 ut
587 756 739 802 observarunt
750 757 821 803 Ordi-

59 846 115 877 num
127 833 308 878 monasticorum
320 831 500 886 Reformatores,
515 831 644 875 curandum
661 838 686 876 ut
706 834 821 879 recreatio

59 910 93 954 sic
104 909 177 968 prosit
188 908 290 963 sanitati,
302 915 328 953 ut
341 907 435 952 minime
445 912 527 957 noceat
538 907 639 965 spiritui.

88 984 117 1028 ll.
128 1009 155 1016 -
168 983 194 1028 ln
201 982 339 1044 quibusdam
351 981 475 1028 Societatis
487 981 622 1035 Provinciis,
638 980 761 1028 laudabilis
772 995 822 1027 mos

108 1065 157 1104 uta
172 1058 271 1103 triclinio
285 1063 351 1103 eatur
370 1057 399 1103 ael
412 1056 523 1122 templum
542 1061 595 1101 ante
610 1057 778 1103 recreationem
792 1059 821 1103 ad

60 1148 126 1193 opem
139 1134 241 1179 divinam
252 1131 429 1191 implorandam.
442 1132 507 1176 Hanc
523 1130 606 1177 saltem
620 1132 719 1191 quisque
741 1132 822 1192 priva-

61 1211 102 1254 lim
61 1195 173 1268 lapud
182 1222 209 1254 se
219 1207 335 1266 imploret,
347 1213 373 1252 ut
364 1196 422 1252 t‘sic
435 1207 525 1252 animus
541 1209 667 1262 recreetur,
682 1214 708 1253 ut
728 1196 822 1252 minime

60 1286 223 1344 dispensetur.

89 1360 170 1404 ΙΙΙ.-
182 1357 285 1404 Confert
276 1362 363 1402 tecum
374 1355 441 1402 aliis
435 1370 459 1400 in
473 1355 548 1400 locum
562 1368 709 1409 communem
728 1370 823 1418 recrea-

61 1436 116 1482 tioni
130 1435 232 1481 destinat
224 1440 292 1479 tum·
306 1440 380 1479 coetus
394 1439 446 1492 part
439 1431 588 1485 ticularest
565 1438 588 1477 et
600 1432 675 1491 privat
677 1447 690 1478 a
707 1433 823 1494 colloquia

59 1512 120 1571 fuge,
136 1515 161 1556 ut
172 1509 267 1569 Regalis
278 1508 394 1554 contraria
406 1513 428 1553 et
441 1507 550 1552 charitati
563 1507 701 1567 periculosa.

88 1586 165 1633 IV.-
175 1586 289 1631 lllemento
298 1583 486 1643 sempergravita
489 1583 518 1628 tis
489 1588 550 1628 tet
562 1582 682 1629 modestiae
689 1583 820 1643 Religiosae

60 1677 87 1710 ac
99 1670 206 1708 reuerent
209 1663 237 1708 iae
247 1658 391 1705 Fratribus
386 1673 409 1703 m
422 1658 513 1704 Christo
532 1657 628 1711 debitae3
639 1665 690 1717 ux
693 1673 706 1704 a
724 1660 781 1718 Reg.
794 1664 822 1707 29

60 1742 146 1787 Summ.
159 1750 212 1798 quae
222 1736 296 1782 diei:
270 1733 454 1793 tLoqueruluru
467 1733 492 1778 iu
509 1732 653 1792 circumspect
655 1748 705 1780 ioue
717 1740 738 1780 e
749 1734 824 1794 redifi-

59 1815 153 1867 eutioue‚
165 1812 285 1859 uerborum
300 1808 416 1862 mcclesliu,
428 1809 502 1854 uultus
515 1814 536 1854 et
550 1808 684 1855 maturitate
695 1809 821 1856 incessus...

59 1904 133 1936 orriues
143 1887 186 1933 sibi
196 1885 328 1946 Superiores
340 1883 447 1937 ducendo,
459 1888 500 1927 ele.
574 1874 576 1877 ’

89 1966 116 2012 V.
130 1964 160 1999 -’-
169 1962 254 2010 Recole
263 1961 349 2021 pariter
361 1960 419 2018 Reg.
429 1962 456 2005 29
466 1971 627 2003 communem:
639 1949 821 2019 umnesjinqnit,
840 1952 843 1957 ’
855 1948 857 1950 ’

59 2043 108 2087 eleut
109 2041 223 2093 issuooee,
238 2042 263 2083 ul
278 2034 398 2093 Reliuiosos
417 2033 485 2085 deuel
497 2034 628 2090 loqueretur,
642 2024 760 2092 nullusque
773 2050 823 2081 curu

52 2117 112 2164 ¹relus
124 2114 255 2169 ceuteidu
268 2110 340 2156 seusi
350 2123 394 2169 que
410 2122 435 2152 θη
447 2107 545 2153 relius
556 2106 690 2152 esriiueesu
702 2115 778 2155 seriei
781 2110 823 2165 liu

59 2199 136 2239 uitur
138 2205 159 2235 es
171 2189 266 2235 euodese
246 2185 372 2244 efferor
365 2190 422 2236 lui
434 2189 461 2228 ui
477 2196 530 2227 suus
546 2173 619 2227 oerilu
622 2181 685 2229 risu
676 2184 765 2238 i‚locus
779 2200 824 2230 uou

51 2274 85 2331 ut
96 2267 120 2311 iu
133 2279 158 2309 eo
167 2277 192 2309 re
204 2261 331 2322 superiores
339 2258 466 2305 uideamur.

89 2342 169 2387 VI.—
183 2339 256 2386 Cuuer
258 2337 332 2382 ilum
338 2333 386 2378 ⁰olr
399 2332 438 2378 illo
450 2333 579 2391 effectuque
591 2330 634 2377 olii
645 2331 672 2378 de
681 2333 734 2379 aliis
746 2333 824 2379 oeteo
838 2385 843 2393 ,

60 2416 126 2463 bus
136 2414 229 2460 siuislre
241 2407 442 2467 secernerentur
458 2406 631 2465 seleutchgul
644 2409 688 2464 303
703 2412 729 2455 2⁰
747 2422 761 2454 a
781 2409 824 2454 de-

61 2491 175 2538 tractione
185 2495 234 2535 tum
245 2492 385 2539 nostrorum,
399 2490 447 2528 turn
458 2488 606 2528 externorum
616 2485 745 2542 praesertim
756 2484 825 2543 Supe-

61 2570 156 2623 riorum,
170 2579 241 2627 quam
253 2565 277 2610 in
288 2575 394 2608 sermone
406 2566 453 2606 tam
463 2559 616 2620 perioniusam
626 2561 713 2606 nostris
724 2560 825 2605 diximus

61 2658 90 2691 ex
97 2651 163 2705 patre
176 2641 285 2698 Claudi03
298 2642 324 2684 3⁰
337 2636 430 2684 amodo
449 2635 558 2696 loquendi
577 2635 747 2704 mundanorum
767 2649 825 2682 eon-

722 2715 723 2719 ’
741 2737 772 2777 ia.
