1715 2908
182 139 296 183 ounnrm
313 141 482 179 nnnoonanrs
501 113 618 182 colanus
730 123 779 177 311

20 249 173 299 quaecumque
184 237 290 287 Christus
309 240 427 296 docuerat,
441 239 470 285 de
489 240 539 300 ipso
559 245 662 294 testetur,
676 245 698 285 et
712 253 780 285 muu-

21 313 75 359 dum
92 321 184 375 urguet.>
203 317 315 376 Denique,
330 316 446 378 quomodo
461 328 515 362 cum
527 329 554 363 eo
567 317 634 362 nohis
648 330 692 361 non
704 318 781 361 omnia

21 389 134 436 donabit‘.l

51 464 144 512 Gratias
155 479 197 526 age
206 466 363 515 Sanctissimae
373 468 492 525 Trinita'ti,
504 472 527 513 et
543 467 675 527 specialiter
686 466 781 527 Spiritui

21 542 113 598 Sancto,
127 541 209 588 detali
222 548 245 588 et
255 549 319 589 tanto
333 544 400 599 dono,
416 557 457 603 pro
466 548 489 588 te
503 543 600 603 aliisque
612 543 726 588 omnibus.

50 618 166 665 Puncrun
177 618 206 663 ΙΙ.
219 644 249 651 -
261 619 447 665 Circumstantiae
457 619 567 664 dationis.
581 618 639 665 Cum
650 619 783 677 compleren-

22 697 63 737 tur
74 692 120 738 dies
132 692 279 747 Pentecostes,
291 700 344 740 ante
358 695 440 741 horam
454 694 500 739 diei
515 695 616 752 tertiam,
629 700 696 739 eruut
708 708 782 738 omues

19 767 112 827 puriter
119 754 255 828 cougregati,
267 775 288 815 et
298 769 373 830 fortiis
385 776 417 816 est
427 775 516 829 reperite
529 768 555 814 ue
566 769 617 814 coelo
627 783 694 814 sortus
706 769 783 815 iustor

22 843 118 902 spiritus
129 844 270 899 uehemeutis
284 852 304 891 et
318 845 412 905 repleuit
424 851 493 892 toturu
506 845 594 889 domum
611 843 650 890 ubi
664 851 731 890 eruut
747 859 783 889 se·
843 858 845 861 ·

23 918 144 978 dautes(l),
157 924 180 964 et
196 920 219 964 in
234 921 337 965 oratione
350 924 534 980 perseverantes.
550 919 594 965 Ubi
608 919 710 978 pondere
722 924 784 964 tem-

22 1007 66 1053 pus
77 993 139 1040 datae
149 994 203 1040 olim
214 994 290 1053 Legis,
300 996 383 1050 locum,
390 995 543 1050 coenaculum,
553 993 665 1040 Ecclesiae
676 994 782 1053 figuram,

22 1082 135 1128 personas
151 1069 279 1114 Ecclesiam
292 1077 464 1130 componentes,
477 1083 604 1129 earumque
621 1069 785 1128 dispositiones

23 1156 63 1203 per
74 1143 211 1189 decendium
225 1144 345 1198 orationis,
358 1145 413 1189 item
429 1145 532 1190 rationes
544 1144 596 1189 soni
614 1151 637 1188 et
654 1143 725 1200 venti,
737 1143 786 1189 vim

24 1223 47 1263 et
59 1218 150 1277 cupiam
161 1219 274 1263 donorum
289 1233 317 1263 ex
329 1218 463 1278 impletione
476 1219 565 1277 domus.
580 1218 665 1264 Recole
677 1218 784 1264 nebulam

24 1305 77 1352 quae
90 1292 144 1338 olim
154 1293 259 1351 implevit
272 1293 383 1352 templum
399 1293 536 1348 Salomonis,
549 1293 648 1352 liguram
666 1291 710 1338 hac
722 1292 786 1338 veri·

24 1373 73 1413 tate
85 1366 217 1427 impletam,
231 1371 292 1412 etex
305 1366 401 1425 singulis
413 1368 487 1412 Deum
498 1367 568 1414 lauda
581 1373 603 1413 et
615 1367 728 1426 glorifica.

54 1444 170 1491 Puucruru
179 1443 218 1489 ΙΙΙ.
233 1469 261 1477 -
271 1442 352 1488 Modus
362 1449 385 1492 et
398 1442 472 1490 forma
484 1442 593 1489 dationis

54 1521 80 1565 l0
101 1521 133 1567 Et
157 1525 317 1579 opposuerunt
345 1518 392 1564 illis
413 1519 538 1579 dispertite
565 1519 648 1580 liuprtee
679 1526 787 1580 turipuuru

24 1595 84 1657 iguis
96 1595 133 1655 (tl,
143 1595 231 1641 scilicet
245 1602 270 1640 ut
287 1595 362 1654 legem
373 1595 465 1654 igneam
483 1596 568 1655 linguae
581 1597 655 1655 igneae
670 1597 786 1657 praedica-

25 1677 84 1730 rent,
99 1678 262 1733 constaretque
280 1672 326 1718 illis
344 1685 389 1718 nou
409 1680 458 1719 tem
476 1687 517 1733 pro
536 1687 569 1730 se,
585 1688 654 1734 quam
673 1688 715 1734 pro
735 1674 786 1720 aliis

26 1749 85 1795 dari.
628 1797 632 1806 Δ

36 1862 37 1865 ,
56 1828 82 1873 2⁰
98 1822 201 1883 Seditque
217 1837 289 1883 supro
307 1823 405 1884 siupulos
428 1838 515 1879 eorum,
529 1824 590 1883 ignis
608 1825 706 1887 scilicet.
728 1824 787 1881 Quia

26 1900 136 1946 nimirum
147 1898 268 1945 divisiones
275 1900 406 1959 pretiorum
419 1899 544 1954 corumdem
556 1906 630 1947 cutem
640 1899 741 1960 Spiritus
749 1901 785 1959 (3).

26 1974 91 2025 Sedit
103 1980 181 2022 autem
195 1976 260 2036 quasi
275 1988 318 2020 non
336 1975 480 2022 discessurus
498 1975 581 2031 abeis,
594 1989 652 2036 qrros
670 1977 693 2021 in
712 1976 788 2035 gratia

26 2052 180 2100 confirmavit.

57 2132 83 2174 3⁰
96 2129 126 2174 llt
135 2119 216 2186 repleti
227 2126 280 2172 seru
290 2139 364 2172 omues
374 2122 465 2185 Spiritu
479 2125 570 2181 Sancto,
583 2128 682 2187 quisque
692 2138 734 2186 pro
745 2140 788 2173 suo

27 2204 103 2256 modo,
118 2202 257 2262 capacitate,
270 2201 352 2257 officio,
366 2201 529 2261 dispositione;
542 2201 582 2247 sed
599 2215 678 2247 omnes
694 2202 788 2247 omnino

28 2278 110 2338 repleti
134 2282 195 2321 sunt.
222 2277 344 2323 Gratulare
363 2276 409 2322 illis
433 2277 547 2333 omnibus,
562 2283 586 2323 et
607 2276 717 2324 aemulare
739 2277 790 2323 haec

28 2353 107 2400 divina
118 2351 267 2398 charismata.

58 2428 212 2487 Colloquium.
228 2428 294 2482 Veui,
305 2427 383 2473 Scitote
393 2426 502 2486 Spiritus,
515 2432 537 2474 et
550 2427 626 2475 emitte
638 2428 725 2476 celitus
734 2428 790 2491 luicis

29 2511 74 2552 tuoe
86 2502 187 2550 rodium.
199 2503 288 2550 Eccles.
759 2510 761 2512 ’

52 2624 128 2670 (ittet.
138 2633 160 2660 n.
445 2621 621 2669 (utrumnam.

54 2670 81 2716 (2)
90 2671 129 2707 Act.
137 2679 158 2705 11.
