1715 2908
17 97 19 99 ’
54 106 102 176 36,
347 121 404 158 oms
421 122 529 160 ausurus

55 229 109 274 ergo
130 228 170 274 per
185 215 328 269 memoriam,
340 218 459 279 quaewtides
470 219 538 264 docet
549 218 577 263 de
588 218 679 263 illorum
690 217 816 273 creatione,

57 291 177 346 felicitate,
190 297 315 351 praecepto,
331 294 522 352 transgressione,
536 307 612 354 poena,
627 300 650 339 et
670 293 693 337 in
712 297 817 352 posteros

56 365 244 422 transmissione3
257 372 280 411 et
290 363 407 427 medati).
422 368 510 414 Deinde
524 371 552 415 ad
570 375 593 414 te
610 367 717 422 reflexus,
732 368 766 413 sio
778 382 816 414 ra-

54 442 183 488 tiocinare:

85 520 110 561 t0
121 518 143 564 Si
153 517 185 562 iili
198 518 222 564 in
231 518 365 579 integritate
376 524 474 579 nat-urae,
489 519 512 564 in
524 518 626 580 paradisi
637 517 757 571 felicitate,
771 525 817 564 tam

55 594 109 651 cito,
122 602 168 638 tam
178 593 254 653 facile,
266 601 313 641 tam
324 594 429 655 turpiter,
441 602 488 641 tam
497 595 599 653 graviter
612 594 753 648 ceciderunt,
762 592 818 654 quid

55 668 94 713 tiet
106 667 173 713 nobis
185 669 207 713 in
220 669 264 715 hoc
274 676 337 716 statu
351 677 440 716 naturae
451 676 574 730 corrupta,
590 672 612 715 in
629 670 679 731 ipso
690 670 783 725 mundo,
795 670 817 713 in

54 748 88 788 tot
100 743 156 790 vitae
168 745 269 791 miseriis
283 752 306 791 et
314 745 431 805 periculis,
445 745 484 790 ubi
503 746 579 790 omnia
597 746 659 791 intus
676 750 699 791 et
716 745 772 791 foris
783 744 817 789 ad

52 818 196 878 peccandum
207 834 247 865 nos
261 820 359 866 incitant
372 827 395 865 et
408 819 547 878 impellunt?
594 820 600 854 t

83 896 109 937 ‘2⁰
120 893 143 938 Si
157 907 201 937 nec
214 893 256 952 ipsi
269 907 360 952 poenam
373 900 504 946 evaserunt,
519 894 560 938 sed
571 907 624 938 cum
637 894 704 952 cuipa
719 895 816 939 damna-

53 965 141 1010 tionem
160 968 183 1010 in
197 973 300 1025 posteros
313 979 392 1011 omnes
405 967 573 1019 transmittunt,
587 967 638 1026 quis
656 980 779 1011 evasurum
794 980 816 1011 se

54 1040 180 1095 prudenter
201 1040 295 1099 speret?
308 1042 347 1099 qui
360 1040 422 1084 enim
442 1039 476 1085 sic
496 1040 590 1098 punitor
610 1053 650 1099 pro
670 1039 776 1098 originali
795 1046 817 1085 et

55 1113 139 1168 alieno,
151 1121 238 1175 quanto
252 1115 325 1174 magis
337 1120 360 1160 et
372 1114 467 1174 gravius
481 1114 595 1177 plectetur
609 1127 650 1174 pro
667 1114 782 1174 personali
796 1119 818 1159 et

54 1190 155 1250 proprio,
169 1191 298 1251 praesertim
308 1191 394 1251 saepius
407 1191 500 1236 iterato.

83 1269 110 1312 3⁰
120 1268 143 1313 Si
155 1275 276 1327 peccatum
291 1266 391 1321 unicum,
406 1281 434 1312 ex
447 1267 537 1326 objecto
551 1279 596 1311 non
609 1266 666 1314 adeo
680 1281 758 1326 grave,
771 1274 818 1313 tan·

56 1348 103 1400 tam
126 1343 149 1386 in
167 1343 275 1388 universa
298 1346 381 1388 natura
403 1349 505 1401 stragem
528 1349 551 1387 et
573 1343 752 1402 corruptionem,
769 1348 816 1388 tam

54 1416 137 1476 graues
148 1423 242 1477 tamque
254 1417 406 1463 diuturnasin
417 1411 496 1463 omnes
508 1424 614 1476 posteros
625 1431 706 1477 poenas
716 1418 816 1472 invexit,

53 1507 129 1552 neque
141 1492 206 1551 grani
217 1499 385 1552 nongentorum
399 1506 511 1538 annorum
524 1492 661 1551 poenitentia
673 1494 764 1551 penitus
777 1507 817 1537 ex-

53 1568 113 1628 piari
125 1569 208 1628 potuit,
219 1573 307 1628 quanta
318 1567 484 1627 ergomortatis
496 1568 599 1626 cujusvis
608 1567 700 1627 pcccati
712 1567 823 1619 malitiat,

54 1650 77 1686 et
88 1642 144 1702 quid
156 1648 275 1686 merentur
285 1643 405 1687 innumera
423 1648 518 1701 peccata
533 1657 561 1686 ex
580 1643 670 1700 objecto
683 1642 750 1700 longe
763 1657 817 1701 gra-

51 1716 118 1760 viora
129 1715 153 1759 in
170 1717 279 1761 eumdem
297 1718 371 1760 Deum
385 1714 525 1760 commissa?
536 1715 588 1760 Pari
607 1717 675 1760 modo
695 1717 758 1760 circa
775 1716 816 1760 Dei

53 1789 211 1847 sanctitatem,
223 1789 349 1848 justitiam,
363 1789 548 1835 misericordiam
560 1789 664 1835 discurre
681 1793 704 1833 et
716 1788 816 1844 afficere,

46 1854 79 1909 ¹ut
89 1864 164 1924 prius.

46 1946 50 1949 ’
76 1942 199 1989 Poucrmr
211 1942 250 1987 ΙΙΙ.
265 1967 292 1975 -
306 1939 505 1987 Considerandum
520 1939 550 1987 sit
564 1943 684 1998 peccatum
697 1938 818 1999 personate

54 2017 153 2078 aiicujus
169 2032 197 2064 ex
215 2017 339 2072 damnatis,
355 2021 411 2076 puta
433 2017 499 2063 tudae
517 2015 649 2075 proditoris,
664 2021 703 2061 aut
723 2014 818 2061 alterius

54 2093 187 2150 Christiani,
201 2093 320 2152 Religiosi,
335 2092 474 2147 Sacerdotis,
487 2093 526 2152 qui
540 2091 595 2137 vitae
607 2091 731 2137 sanctitate
743 2095 766 2136 et
777 2090 819 2135 fer·

53 2174 144 2216 rorate
160 2169 227 2228 longe
243 2168 396 2228 superaverit,
411 2176 435 2213 et
452 2174 505 2227 post
517 2167 590 2212 vitam
610 2166 650 2211 diu
670 2165 818 2212 laudabiliter

55 2250 140 2298 actam,
155 2245 178 2289 in
190 2249 312 2305 peccatum
325 2242 409 2289 lethale
421 2243 507 2302 tapsus,
521 2247 545 2287 et
556 2242 580 2286 in
592 2254 619 2286 eo
627 2242 691 2299 iusto
700 2242 742 2287 Dei
752 2241 818 2300 judi-

54 2321 90 2367 cio
114 2321 171 2365 mori
194 2318 372 2379 permissus,'in
393 2318 507 2363 infernum
531 2316 624 2362 tandem
642 2317 762 2377 prolapsus
778 2317 818 2362 sit.

41 2396 180 2455 'Plusquam
192 2394 312 2454 probabile
321 2406 356 2440 est
368 2393 445 2452 plures
458 2394 481 2438 in
492 2392 581 2438 inferno
595 2391 652 2437 tates
666 2405 727 2447 esse,
738 2396 761 2436 et
773 2405 819 2437 cer·

56 2475 106 2514 tum
120 2474 155 2514 est
169 2470 192 2513 in
211 2475 306 2527 peccato
327 2466 405 2513 lethali
424 2467 460 2513 vel
473 2467 540 2512 unico
558 2466 702 2521 morientem,
724 2471 818 2511 aeternae

76 2635 102 2682 (i)
111 2635 189 2674 Roman.
197 2645 218 2672 r.
