1715 2908
225 197 339 238 cunnum
356 196 525 232 unuuouuom
543 196 662 237 cunutus
775 183 825 233 315

93 297 118 340 l⁰
136 295 257 344 Habebunt
275 297 374 356 gratiam
392 296 422 342 ad
439 307 530 340 omnem
546 295 646 355 plebem,
660 295 720 341 hono
739 296 823 342 Christi

63 372 132 417 odore
143 380 236 432 captam
248 372 284 430 (ll.
300 371 356 428 Quis
375 371 435 417 enim
456 371 526 417 talem
545 372 617 416 vitum
635 385 681 417 non
698 372 825 431 probaret?

63 448 114 507 quis
126 449 160 493 itu
172 448 275 493 viventes
288 461 333 492 non
346 452 435 493 amaret
448 459 475 491 ac
487 445 610 491 laudaret?

93 526 118 569 2⁰
129 523 269 569 Goeteuoruut
278 528 352 568 liutem
361 536 425 568 uento
435 521 531 566 audebat
540 534 562 566 se
573 523 706 581 conjunccio
717 523 765 568 illis
776 523 803 580 (tl
816 538 821 580 3

62 612 90 643 ex
101 599 231 644 reverentia
248 605 271 644 et
288 598 395 658 religioso
408 599 510 662 quodam
528 604 601 653 metu,
622 612 692 658 quem
710 599 823 645 sanctitas

62 675 99 721 vel
111 674 222 734 improbis
234 674 340 733 inspirat.

92 751 117 793 3⁰
132 748 173 795 set
188 748 345 808 luopuipicuhut
358 762 392 794 eos
405 748 515 807 populum
528 747 635 807 quumvis
650 748 759 806 infidelis,
771 747 824 794 lau-

63 824 133 870 dabat
153 830 258 871 sanctum
273 838 353 870 eorum
365 811 655 883 'couversationemquam
672 838 718 870 nou
738 839 824 884 seque-

5 937 9 940 .
62 899 138 944 batur.

93 977 118 1020 l0
128 974 189 1021 Hinc
201 974 325 1035 uupebotur
336 973 435 1036 quotidie
447 973 474 1020 tlt
483 973 581 1020 Domino
594 973 733 1021 credentium
744 974 825 1021 mulli-

63 1050 115 1097 tudo
130 1051 234 1097 uirorum
249 1065 275 1096 uc
293 1050 423 1104 mulierum,
436 1050 476 1109 qui
491 1062 569 1095 eorum
588 1049 693 1110 exemplo
711 1050 788 1096 allecti
802 1054 825 1096 et

63 1127 168 1187 precihus
188 1128 269 1187 adjuti,
282 1140 377 1172 numero
395 1125 509 1172 Fideliuru
527 1125 722 1185 aggregabuntur.
742 1126 824 1173 AEmu-

62 1202 255 1263 larepromiscuae
266 1202 422 1248 multitudinis
430 1202 511 1256 vitam,
523 1215 593 1261 qnam
603 1201 642 1247 vix
653 1201 824 1261 religiosissimi

62 1280 148 1339 quique
161 1292 222 1324 nunc
230 1279 359 1323 imitantur.
373 1278 396 1324 Si
408 1278 484 1322 minus
494 1276 558 1322 illam
574 1278 599 1322 in
614 1290 691 1323 mores
709 1278 824 1326 Fidelium

61 1367 171 1407 revocare
188 1366 318 1413 possumus,
335 1352 418 1398 saltem
435 1357 550 1397 sectemur
570 1352 689 1398 internos
710 1359 824 1413 quantum

62 1442 191 1490 possumus,
204 1434 230 1475 ut
243 1429 330 1475 Christi
343 1428 411 1474 bonus
426 1428 482 1473 odor
493 1427 562 1473 cliuus
573 1427 599 1472 t'lt
611 1428 673 1473 omui
684 1429 728 1474 loco
740 1430 776 1488 (3).

92 1505 245 1566 Colloquium.
259 1504 362 1565 idipsum
374 1519 387 1550 a
405 1504 492 1563 Spiritu
508 1504 592 1549 Sancto
608 1504 701 1563 postula
711 1518 753 1561 pro
764 1512 787 1551 te
800 1510 824 1552 et

62 1594 102 1640 pro
115 1579 235 1625 fratribus.

91 1656 176 1700 Lectio
184 1667 213 1698 ex
222 1652 318 1699 Actibus
327 1651 498 1711 Apostolorum,
511 1665 562 1711 cap.
575 1665 602 1708 11,
617 1659 639 1696 et
652 1666 701 1712 seq.

92 1730 125 1773 Ex
136 1729 176 1773 lib.
190 1729 220 1773 Ill
238 1728 267 1772 de
279 1726 512 1782 Imitationetlhristi‚
528 1739 579 1786 cap.
597 1740 674 1783 xnvu,
689 1729 752 1787 qrrod
772 1742 824 1775 om·

61 1801 98 1848 niu
108 1804 188 1861 gravia
200 1816 241 1860 pro
252 1808 340 1847 aeternu
355 1802 405 1847 vita
423 1807 476 1846 sunt
486 1801 619 1858 toleranda;
631 1816 683 1862 cup.
695 1816 781 1858 utinm,
794 1805 823 1849 de

62 1879 99 1922 die
115 1877 260 1930 aeternitatis,
273 1881 296 1920 et
312 1876 380 1935 hujus
398 1877 454 1920 vitae
478 1878 605 1931 angustiis3
629 1890 680 1935 cap.
703 1889 771 1930 xcix,
795 1875 824 1920 tle

62 1952 176 1997 desiderio
196 1958 290 1997 aeternae
305 1950 368 2004 vitoe,
386 1955 408 1994 et
432 1954 519 2008 quanta
537 1950 583 1994 sint
600 1951 743 1996 certantibus
762 1952 823 1997 bona

61 2028 184 2087 promissa.

270 2175 371 2221 xxxii.
390 2159 614 2221 cousrnnuurio.

92 2283 124 2328 De
141 2282 202 2328 cultu
218 2289 240 2329 et
255 2280 399 2328 *ueneratione
415 2281 452 2327 SS.
466 2281 606 2340 Aequorum
621 2288 643 2329 et
658 2282 791 2330 Hominum.

90 2388 109 2442 I.
121 2388 200 2434 —Est
212 2389 235 2434 in
248 2390 363 2436 Societate
374 2389 412 2447 pia
425 2395 447 2433 et
457 2389 553 2447 antiqua
563 2389 705 2434 cousuetudo
718 2391 822 2436 Litanias

62 2466 199 2512 Sanctorum
211 2466 316 2527 quotidie
328 2465 449 2518 recitandi,
462 2465 599 2510 confirmata
614 2477 626 2509 a
639 2466 822 2526 Congregationo

62 2554 121 2585 nonu
132 2542 241 2599 generali,
256 2542 335 2588 addito
349 2541 493 2586 inhonorem
504 2541 581 2585 Beatae
593 2539 695 2599 Virginis
714 2543 820 2601 Deiparae

86 2674 111 2718 (ll
121 2675 162 2709 Act.
173 2685 196 2710 11.
362 2726 364 2729 Α
474 2674 500 2721 (3]
511 2674 529 2710 ΙΙ
537 2673 619 2711 Corinth.
627 2685 650 2713 11.

85 2720 111 2765 lh]
119 2719 167 2757 thiu.
177 2730 197 2757 v.
