1715 2908
52 125 102 175 122
321 139 377 175 nias
395 139 542 175 nuneciiius

51 235 235 296 ebruinumque
255 235 284 281 cd
301 244 424 285 necatam...
441 236 490 282 ideo
505 236 566 283 Deris
582 235 690 283 occultavit
702 236 775 290 iilum,
791 243 811 283 et

51 311 145 358 dorinott
158 312 192 358 itti
201 312 289 359 Numeri
301 313 358 371 quud
375 318 407 359 eut
418 325 486 372 anper
496 325 559 358 oreae
571 325 657 357 contari.
672 312 721 357 Hoe
734 316 812 357 autem

51 399 135 431 nomen
149 393 203 431 tunc
217 387 316 445 accepit,
334 400 386 433 cum
402 401 425 431 rc
441 388 491 445 ipsa
503 386 615 447 implevit,
627 387 742 445 primitias
758 398 813 431 saii-

52 461 127 520 guinis
143 460 249 517 fundens‚
268 468 291 507 et
310 462 419 523 reliquias
439 462 553 522 spondens
573 462 602 509 ad
621 460 725 507 ultimam
740 475 813 522 usque

53 545 151 597 guttam.
166 539 205 584 Vis
217 539 300 584 mereri
312 546 335 586 et
349 540 417 598 digne
430 539 489 586 ferre
500 553 583 585 nomen
596 539 719 586 Christiani
736 545 759 584 et
773 540 813 584 Je-

54 617 128 669 suitae‚
148 615 288 661 circumcide
301 630 341 662 cor
360 625 433 672 tuum,
449 631 490 676 per
507 630 586 663 veram
603 615 811 671 mortificationem,

53 690 208 736 humilitatem
223 699 246 737 et
265 692 428 748 obedientiam,
442 693 491 738 sine
504 692 587 752 quibus
605 706 647 737 nec
663 692 704 737 Dei
724 691 811 751 gloriae‚

54 780 96 811 nec
109 765 176 812 saluti
190 766 309 812 hominum
322 767 407 815 servire
419 768 514 827 poteris.
527 768 617 814 Nomen
631 767 702 826 igitur
717 766 754 813 vel
771 767 813 812 de-

52 854 120 901 pone,
133 841 169 886 vel
183 842 260 903 impie.

61 919 63 923 ⁴
84 915 229 977 Colloquium
248 919 277 962 ad
292 918 370 965 tesam
382 916 506 972 Christum,
522 916 621 977 petendo
640 930 719 963 veram
737 916 814 963 cordis

54 1002 263 1037 circumcisionem.

84 1067 201 1122 Legantur
214 1080 242 1111 ex
254 1067 367 1111 Direetor.
380 1079 431 1126 cap,
449 1080 503 1123 iiix,
514 1080 555 1122 xx,
566 1081 618 1122 xiii3
631 1080 658 1112 ex
670 1068 751 1112 eadem
763 1080 812 1112 con·

55 1133 183 1185 tinuahitiir
202 1142 262 1200 apud
282 1142 398 1198 Gaudier3
418 1142 446 1186 de
464 1142 596 1187 Imitatione
612 1141 705 1197 Christi,
725 1141 765 1187 lib.
784 1143 812 1197 ii,

55 1229 106 1274 cap.
119 1230 153 1270 ui,
163 1216 191 1260 de
203 1217 320 1275 paucitate
331 1222 460 1262 amatorum
474 1218 562 1262 Crucis.
582 1202 584 1207 ’

290 1380 332 1438 xi.
351 1379 578 1462 commiserim.

231 1485 264 1531 De
280 1491 329 1529 coto
345 1485 464 1544 Reti'ptosu
481 1485 637 1543 Paupertutt's

86 1591 146 1647 Lege
154 1603 180 1634 eii
191 1591 305 1636 Summar.
318 1590 521 1641 Constitutionum
532 1588 552 1648 ἓ.
563 1592 591 1635 23
601 1594 624 1633 et
633 1602 681 1649 seq.
692 1589 725 1634 Ex
736 1591 813 1648 Regii-

56 1663 84 1709 lis
94 1677 208 1708 commun.
220 1664 242 1714 7,
255 1666 300 1717 8,'9
310 1670 332 1709 et
341 1665 364 1708 tt
377 1677 419 1712 :eii
427 1663 567 1723 Compendio
576 1662 687 1708 Ludcvici
697 1664 725 1709 de
734 1666 812 1722 Ponte,

56 1738 265 1796 part.1‚iileditat.
283 1741 319 1785 20.
381 1772 383 1774 -

86 1813 152 1857 Circa
166 1817 325 1871 paupertatem
337 1810 477 1869 Religiosam
492 1810 537 1855 tria
553 1810 695 1857 considerari
710 1820 813 1870 possunt.

56 1888 81 1931 t0
93 1887 150 1945 Quae
158 1888 240 1932 natura
251 1886 394 1948 paupertatis
406 1885 563 1944 ingenuum
577 1885 633 1942 Quae
646 1891 726 1931 contra
737 1894 815 1932 votum

56 1963 200 2021 paupertatis
213 1962 303 2020 peccari
319 1968 421 2020 possunt.
437 1964 462 2006 3⁰
473 1960 517 2017 Qui
531 1961 627 2019 spiritns
639 1967 662 2005 et
675 1974 726 2019 quae
738 1963 816 2022 prauis

56 2036 199 2096 paupertatis
211 2038 234 2080 iii
247 2036 370 2081 Societate.

88 2112 105 2155 i.
127 2137 153 2144 -
172 2112 261 2156 Natura
277 2110 400 2169 Religiosae
416 2109 558 2169 paupertatis
579 2109 625 2155 duo
646 2110 815 2171 complectitur.

58 2187 159 2231 Primum
180 2191 214 2230 est
232 2185 287 2230 nihii
306 2184 390 2230 habere
408 2186 534 2245 proprium.
554 2184 684 2232 Secundum
704 2192 739 2231 est
760 2186 816 2232 iiiiiil

57 2261 142 2306 habere
153 2261 213 2319 quod
226 2261 322 2323 pauperi
331 2273 376 2304 non
388 2261 518 2306 conveniat.

89 2338 115 2379 t0
133 2335 214 2392 Igitur,
230 2337 270 2395 per
286 2341 365 2380 irotuin
384 2335 534 2393 paupertatis,
546 2333 676 2392 Religiosus
694 2334 778 2394 spoliat
793 2348 817 2380 se

59 2411 174 2465 omnibus,
189 2413 222 2455 sic
243 2417 269 2455 ut
289 2410 397 2468 deinceps
417 2410 472 2454 iiiiiii
491 2410 583 2454 omnino
604 2414 629 2452 ut
647 2422 713 2453 suum
733 2409 818 2455 habire

58 2489 139 2550 possit,
154 2499 195 2531 nec
206 2486 332 2532 dominium
345 2485 482 2542 absolutum,
492 2498 608 2530 necusum
619 2484 816 2544 indepeiidriiteiii‚

59 2579 102 2610 nec
115 2563 210 2608 liberam
223 2562 290 2607 uilius
306 2562 340 2607 rei
355 2561 536 2620 dispositionem.
552 2561 617 2606 Unde
629 2561 663 2606 sic
675 2575 762 2620 pauper
774 2568 817 2617 est,

61 2647 86 2687 ut
98 2652 217 2700 nunquam
232 2638 305 2699 possit
317 2637 367 2684 fieri
383 2637 456 2694 dives,
469 2643 495 2683 ut
510 2642 585 2697 potest
598 2636 648 2682 sieri
661 2637 779 2684 mendicus
792 2651 820 2682 eii
