1715 2908
205 158 332 196 sedunum
350 161 518 199 Heeoousnas
534 164 630 198 emulus
662 210 664 212 ,
751 150 799 198 1123

36 258 86 305 suis
101 256 262 321 eleemosynis,
275 259 325 308 Hoo
340 258 419 308 doeuit
436 260 516 320 praxis
532 262 660 321 primorum
675 260 796 318 Fidelium,

18 343 20 345 ·
36 333 77 393 qui
89 332 236 379 venditarum
248 332 419 393 possessionum
429 333 531 396 pretium
545 334 671 380 afferebant
683 333 713 379 ad
730 335 799 394 pedes

36 408 207 468 Apostolorum,
218 409 277 454 unde
285 409 713 470 siugulisneeessariasuppeditabanl.
721 410 800 458 Erunt

38 485 97 531 euim
110 485 187 532 omniu
199 486 334 540 commuuio,
344 491 365 531 ot
377 484 536 534 dividebantur
549 486 657 543 omuibus,
668 493 740 547 prout
749 487 799 533 ctri-

37 564 77 622 que
92 575 146 621 opus
160 568 239 627 erut...
259 562 306 610 Ner
318 561 435 621 quisquam
446 576 524 608 eoram
538 576 586 621 quta
598 562 698 616 lubebat,
713 562 800 623 aliquid

36 650 102 683 snum
115 650 158 685 esse
170 636 255 682 otietur
264 637 303 695 (l).
317 637 382 683 Unde
396 639 472 684 Canon
488 637 542 684 Non
552 637 660 684 dirutis..
678 645 701 684 et
716 638 799 685 modus

37 713 146 772 loquendi
155 713 226 761 etiam
238 712 366 760 hodiernus
375 714 525 772 Regulariom
534 726 605 773 prope
617 714 727 761 omnium.

67 788 152 833 Contra
164 787 207 834 hoo
221 792 333 846 punctum
344 793 455 847 peccatur
466 787 522 833 vitio
535 787 692 847 proprietatis.

67 866 93 910 2⁰
102 861 233 921 Religiosus
246 861 300 909 nihil
313 866 387 920 potest
397 862 482 908 hahere
494 861 530 907 vel
543 862 651 916 retinere,
666 862 734 908 etiarn
746 876 799 908 cum

37 937 147 985 facultate
168 937 305 999 Superioris,
329 938 389 996 quod
412 938 507 997 pauperi
527 951 573 983 non
593 939 723 993 conueniat,
743 939 798 984 uihil

38 1013 171 1075 pretiosum,
186 1011 241 1061 nihil
259 1012 383 1065 curiosum,
398 1012 455 1060 nihil
468 1012 619 1072 superfluum.
633 1013 699 1059 Unde
713 1011 796 1069 vestis,
825 1016 829 1020 ⁴

37 1087 148 1148 supellex,
161 1088 221 1132 ratio
234 1087 326 1131 vivendi
340 1087 408 1131 debet
420 1101 470 1133 esse
481 1096 507 1131 ut
520 1087 661 1147 pauperihus
674 1100 799 1134 accommo-

38 1164 100 1212 data,
110 1163 139 1210 Et
150 1175 236 1207 vovens
248 1161 290 1209 sibi
305 1161 469 1220 obligationem
480 1162 569 1208 inducit
580 1176 624 1207 non
637 1162 718 1208 utendi
729 1168 799 1208 etiam

38 1239 103 1284 lionis
115 1236 282 1291 communibus,
299 1236 342 1286 nisi
357 1237 385 1281 ad
401 1237 564 1284 necessitatem
576 1236 639 1291 vitae,
654 1236 800 1295 eujusmen-

38 1326 116 1362 suram
126 1313 243 1372 propriam
253 1319 317 1359 taxat
328 1311 452 1369 Apostolus
461 1310 540 1358 dicens
549 1327 553 1355 :
563 1310 675 1357 Habentes
684 1311 798 1366 alimenta,

38 1386 150 1448 mortibus
165 1393 275 1447 tepenter,
288 1385 323 1431 hir
339 1386 437 1431 contenti
451 1399 525 1430 sumus
544 1393 588 1431 eto.
601 1387 640 1445 (2).
653 1387 709 1434 Haeo
722 1394 800 1432 autem

39 1475 146 1510 mensura
158 1474 203 1509 non
218 1467 253 1508 est
266 1456 386 1506 uniformis
403 1458 508 1505 omnihus
520 1460 642 1519 Religiosis
659 1460 798 1514 Ordinibus,

38 1539 77 1584 sed
90 1536 220 1583 exdiverso
233 1535 312 1580 lineet
330 1535 425 1582 statutis
443 1534 587 1592 singulorum
603 1539 697 1595 pendet.
711 1535 798 1581 Conoil.

38 1611 142 1659 Trident.
156 1623 213 1656 sess.
227 1610 263 1659 25,
278 1609 307 1654 de
318 1608 481 1665 Regularihus‚
496 1621 517 1653 e.
532 1622 558 1654 11.

67 1687 123 1733 Haeo
141 1683 256 1745 posterior
277 1683 387 1742 obligatio
409 1683 500 1739 videtur
520 1683 716 1742 indispensabilis.
736 1684 800 1730 Prior

39 1758 142 1804 admittit
152 1757 269 1803 licentiam
279 1755 408 1813 Superioris
418 1771 422 1799 :
431 1756 482 1802 haeo
491 1762 569 1802 autem
580 1756 674 1803 lieentia
683 1757 713 1803 ad
723 1759 800 1804 omnia

39 1840 61 1878 et
74 1831 172 1892 singula,
185 1831 210 1875 ld
224 1830 354 1878 necessaria
371 1835 405 1875 est
422 1831 453 1879 ad
466 1831 589 1878 vitandum
609 1839 744 1892 peceatum
760 1833 800 1877 sod

40 1912 64 1955 2⁰
78 1911 154 1968 potest
165 1920 215 1952 esse
226 1904 363 1965 Superioris,
375 1904 411 1950 vel
424 1905 529 1961 mediati,
543 1906 580 1951 vel
590 1905 719 1952 immediati
740 1922 745 1950 :
759 1921 799 1967 ge-

39 1982 131 2036 neralis,
145 1981 182 2029 vel
201 1980 326 2040 specialis:
347 1993 463 2038 expressa,
483 1979 519 2025 vel
533 1981 617 2035 taeita;
634 1980 746 2036 formalis,
760 1988 801 2028 aut

39 2056 153 2111 virtualis,
170 2056 206 2103 vel
221 2055 409 2116 interpretativa,
425 2054 465 2099 sed
485 2057 509 2098 30
523 2054 591 2100 debet
606 2068 656 2100 esse
667 2055 754 2112 valida,
769 2064 801 2117 et,

39 2136 66 2177 ut
76 2130 130 2176 talis
140 2131 178 2185 sit,
192 2129 263 2177 libera
277 2135 300 2176 et
311 2141 401 2188 semper
411 2128 550 2176 remeabilis
562 2128 591 2175 ad
604 2135 694 2175 nutum.

36 2199 38 2201 ’
69 2206 184 2253 Perfeotio
196 2210 274 2252 autem
291 2205 434 2266 paupertatis
447 2204 547 2264 petenda
557 2209 593 2250 est
605 2217 633 2249 er
645 2204 695 2252 vita
708 2204 801 2262 Christi,

41 2282 170 2342 praesertim
180 2280 272 2342 publica
285 2295 290 2328 r
304 2279 405 2328 excludit
418 2286 495 2325 autem
507 2280 615 2325 affectum
630 2279 659 2327 ad
672 2294 709 2326 res
720 2281 805 2341 quibus

41 2358 142 2415 utimur,
156 2357 231 2402 tendit
243 2369 334 2416 semper
347 2355 376 2400 ad
386 2354 546 2411 minuendum,
561 2354 589 2401 ad
603 2354 699 2402 effeetus
710 2370 805 2416 pauper-

42 2434 97 2478 tatis
109 2431 270 2492 experiendoS,
284 2431 313 2479 ad
324 2430 435 2478 utendum
454 2430 523 2477 rebus
539 2430 677 2478 necessariis
693 2438 804 2491 tanquam

43 2520 88 2554 nou
99 2513 200 2555 utamur.
213 2507 285 2556 etiam
297 2507 327 2555 ad
338 2503 524 2555 mendicandum.

20 2704 21 2707 η
65 2675 178 2723 (litotes.
371 2713 374 2717 ,
460 2674 630 2721 (2)l'l'imoth.ri.
700 2730 703 2733 ‚
