1715 2908
188 150 316 188 sncunoAE
332 151 502 187 economum
520 150 639 187 oceanus>
744 135 794 185 179

55 251 180 290 Praeladiam
191 253 217 290 Π,
227 272 252 278 -
263 249 310 289 Pete
321 250 404 301 gratiam
417 250 548 303 cognoscendi
563 257 582 290 et
598 249 696 301 implendi
708 250 794 290 missio-

30 315 76 345 nem
86 309 147 343 tuam.

59 395 176 442 Puncruar
186 395 203 439 l.
217 419 247 428 -
259 393 363 439 Christus
371 393 472 454 primum
482 392 567 439 format
576 391 707 454 Apostolos,

59 471 86 514 lo
98 469 221 530 Exemplo,
234 482 287 515 nam
298 470 397 515 triennio
414 474 464 515 toto
476 477 583 515 versatus
594 484 646 515 cum
659 468 705 515 illis
717 467 755 513 die
768 478 796 512 ac

30 549 108 603 nocte,
120 556 198 590 coram
210 542 256 589 illis
270 542 427 590 indesinenter
438 544 486 603 egit
496 543 581 600 omnia,
595 543 741 605 predicavit,
755 555 795 588 re·
812 587 815 593 ,

30 634 101 682 gnum
113 620 156 666 Dei
168 621 324 676 annuntiavit,
337 627 472 680 peccatores
481 619 573 667 vocavit
584 621 613 667 ad
624 619 794 681 paenitentiam,

31 702 54 742 et
71 696 100 741 ad
120 696 195 740 Deum
208 696 331 742 convertit.
343 695 428 741 Omnes
446 694 522 744 officia
540 708 582 742 sua
598 696 714 752 docuit,a
732 694 795 739 vitiis
821 753 824 756 ψ

31 771 124 828 avertit,
142 771 172 817 ad
190 771 290 817 virtutes
306 770 384 817 allexit
403 777 426 816 et
443 771 558 828 incitavit,
579 770 689 818 miracula
707 770 796 832 passim
840 759 841 762 '

31 845 117 903 edidit3
131 850 155 891 et
165 846 215 891 haec
226 845 302 891 omnia
315 846 358 891 sub
368 845 440 891 oculis
453 857 541 891 eorum.

60 924 86 969 2⁰
93 920 182 976 Verbo;
191 926 240 966 tum
251 927 304 966 ante
315 922 453 980 passionem,
467 925 516 965 tum
525 918 581 979 'post
591 921 793 973 resurrectionem,

32 1009 70 1042 eos
83 995 186 1041 studiose
198 995 302 1042 docendo
312 1001 336 1041 et
347 995 491 1053 instruendo,
505 1007 559 1054 quae
571 996 682 1049 cavenda,
696 1008 749 1055 quae
759 993 797 1039 vi-

31 1071 110 1129 tanda,
123 1084 175 1130 quae
186 1071 319 1130 praestanda
330 1071 360 1117 ad
373 1071 442 1115 finem
457 1070 538 1129 gloriae
551 1069 593 1115 Dei
605 1077 629 1116 et
646 1069 729 1117 salotis
745 1068 797 1115 ani-

32 1159 130 1192 marum.
572 1204 574 1207 y

61 1225 86 1266 30
103 1222 173 1267 Facto
187 1222 250 1280 ipso,
265 1220 384 1280 applicans
395 1219 448 1264 illos
460 1220 559 1278 primum
577 1221 605 1266 ad
618 1220 702 1265 breves
721 1224 744 1264 et
760 1220 797 1265 fa-

32 1297 87 1343 ciles
98 1296 227 1351 missiones,
242 1295 271 1340 ad
291 1294 351 1339 solos
360 1293 491 1349 israelitas,
506 1294 548 1339 sub
560 1295 634 1339 oculis
646 1295 695 1341 suis
707 1293 797 1339 obeun-

33 1369 73 1414 das
84 1369 120 1428 (l),
134 1374 187 1414 ante
200 1368 353 1428 prescribens
365 1368 409 1413 illis
421 1369 542 1413 materiam
556 1373 579 1412 et
589 1368 700 1430 formam;
712 1373 798 1427 etpost

33 1444 158 1489 retundens
174 1456 259 1489 vanam
276 1456 356 1488 eorum
369 1442 562 1503 complacentiam
580 1443 609 1488 de
626 1456 743 1496 successu,
762 1442 798 1487 his
821 1466 822 1470 =

33 1517 109 1563 uerbis
123 1531 128 1562 :
141 1517 248 1566 Videbam
257 1517 366 1563 Solarium
376 1516 436 1562 sicat
445 1517 528 1576 fatiant,
535 1517 561 1563 aia
570 1518 622 1563 caelo
633 1516 756 1563 cadentem.
768 1516 799 1561 Et

34 1593 129 1638 reduces
141 1593 166 1637 in
178 1593 327 1638 solitudinem
339 1605 417 1637 secum
430 1592 517 1638 ducens
530 1593 559 1638 ad
571 1593 666 1651 spiritus
676 1605 799 1638 resumen-

34 1668 81 1722 dos,
94 1666 186 1727 sibique
196 1674 220 1712 et
236 1668 284 1712 Deo
302 1667 444 1724 vacandum,
456 1672 482 1711 ut
494 1667 549 1712 hinc
558 1667 674 1716 discerent
687 1667 744 1728 quid
761 1668 798 1713 la-

34 1741 141 1787 ciendum
154 1746 217 1787 esset
234 1740 259 1785 in
273 1742 360 1800 maJ'ore
376 1747 399 1786 et
410 1740 516 1799 grauiore
529 1742 648 1799 missione,
668 1755 739 1801 quam
755 1741 798 1786 sibi

35 1816 107 1862 relicti
124 1815 210 1862 obituri
224 1820 290 1862 erant
304 1816 327 1861 in
344 1816 452 1862 universo
471 1817 565 1872 mundo,
579 1818 628 1863 solo
641 1817 798 1878 duceSpiritn

35 1891 127 1939 Sancto.

62 1968 179 2017 Portarum
193 1968 222 2022 ll.
242 1993 269 2001 -
286 1966 418 2013 Praescribit
436 1965 482 2012 illis
498 1966 610 2013 exercitia
627 1973 651 2014 et
668 1967 799 2018 functiones

36 2042 157 2090 missionis.

64 2119 89 2162 l⁰
108 2119 143 2165 Ad
156 2133 215 2180 quos
230 2117 320 2164 mittit?
332 2116 361 2164 Ia
372 2115 433 2168 aiom
449 2117 548 2176 poetieam
567 2132 595 2162 na
611 2117 727 2173 abieritis,
737 2125 759 2166 at
774 2119 799 2164 ia

36 2192 135 2242 ciuitates
147 2195 348 2242 Samaritanorum
366 2207 394 2239 tte
409 2191 556 2239 intraveritis
568 2207 577 2243 ;
587 2193 624 2239 sad
634 2192 712 2253 potios
726 2195 757 2239 ite
771 2195 801 2241 ad

36 2281 82 2315 aces
100 2285 148 2331 qaae
162 2272 285 2332 perierant
304 2272 379 2317 domas
397 2268 526 2335 israeliti,
548 2269 646 2330 primum
665 2270 801 2322 domesticis

36 2342 95 2402 fidei,
110 2355 133 2394 et
145 2347 297 2394 facilioribus.

63 2425 89 2469 2⁰
102 2424 224 2470 Materiam
237 2422 418 2485 praedicationis.
430 2423 517 2468 Ettatas
530 2428 605 2469 aotam
615 2423 748 2482 praedicata,
762 2422 800 2469 cli-

36 2503 104 2544 amtas
124 2514 132 2545 .·
153 2500 211 2554 Quia
233 2499 424 2561 appropinquarit
441 2513 535 2559 reptatam
557 2500 661 2546 arelatam
680 2500 720 2560 (3).
743 2500 801 2560 Spes

56 2625 82 2668 (ll
90 2627 135 2665 Luc.
146 2638 167 2664 x.
450 2627 478 2674 (3)
486 2627 552 2666 blattis.
562 2631 574 2664 i

58 2670 84 2716 (2)
93 2673 161 2709 dietih.
170 2683 190 2709 ιε
