1715 2908
242 182 334 218 aarum
353 183 522 218 uneuomanAE
539 181 648 217 userius
794 168 828 217 63

62 278 126 323 bitus
137 278 230 325 furandi
240 280 351 335 nascitur,
365 280 404 340 qui
418 280 447 325 ad
459 279 567 338 graviora
577 279 638 326 furta
651 278 745 324 tandem
757 279 828 325 inuu=

63 353 103 410 cit,
117 359 140 398 et
153 354 182 399 ad
193 354 292 413 capitale
303 355 441 415 supplicium
452 354 556 400 deducit.

90 432 120 487 20
133 429 256 476 Gradatim
267 431 413 491 procedendo
426 445 439 477 a
450 429 575 476 levioribus
586 431 614 476 ad
627 429 751 490 graviora3
764 443 825 485 nam,

65 505 125 551 sicut
143 506 167 550 in
183 506 349 566 corporalibus,
364 521 392 552 ex
402 506 491 553 levibus
509 506 582 552 initiis
600 507 658 552 fiunt
675 519 738 567 saepe
754 506 827 551 morbi

67 580 269 640 periculosissimi3
281 583 314 627 ita
324 583 348 627 in
363 582 522 643 spiritualibus
535 582 627 641 saepius.
640 583 700 628 Nam
716 586 742 627 ut
759 574 829 628 habet

65 661 160 701 sanctus
177 655 355 717 Chrysostornus
375 673 380 701 :
397 660 506 717 Arpectus
523 656 634 716 fortuitus
645 670 700 716 stupe
710 656 739 702 od
750 656 829 716 impu-

66 730 156 776 rissimo
175 744 265 791 queque
289 732 390 779 destiterit.
409 734 468 778 Nam
488 746 516 778 cu
534 740 630 793 aspectu
646 732 714 788 risus,
732 747 760 778 ex
780 734 828 777 risu

67 806 204 862 scurrilitas,
226 821 254 854 ex
276 809 416 855 scurrilitate
437 808 613 869 turpiloquium,
637 822 665 854 ex
688 808 829 868 turpiloquio

4 942 7 946 ἱ
63 882 141 942 ,turpis
153 884 266 942 operatio.

98 960 123 1001 3⁰
135 958 187 1003 Nou
200 970 253 1004 raro
271 971 312 1018 pro
326 963 422 1018 peccato
443 963 525 1018 putato
539 957 624 1005 veniali
641 957 734 1016 ponitur
754 960 829 1018 reipsa

68 1039 189 1093 peccatum
202 1033 307 1089 mortale,
314 1034 384 1094 idque
394 1033 431 1081 uel
440 1034 572 1080 excedendo
583 1033 702 1079 levitatem
715 1036 828 1088 mutariae,

68 1107 105 1154 vei
115 1121 211 1168 pravam
225 1109 425 1155 circumstantiam
438 1108 552 1164 addendo,
566 1108 602 1153 vel
621 1109 668 1153 duo
686 1109 830 1167 conJ'ugendo

69 1196 121 1243 quae
133 1184 239 1242 sejuncta
249 1187 326 1228 essent
339 1174 430 1228 tantum
439 1182 546 1228 venialia.
556 1183 587 1229 Ut
599 1183 619 1228 si
630 1183 763 1241 juramento
773 1197 831 1229 con-

68 1258 173 1304 firmatur
187 1257 349 1313 mendacium,
362 1257 424 1318 quod
445 1257 512 1303 facile
535 1264 569 1303 est
593 1257 614 1302 ei
635 1257 675 1317 qui
694 1257 753 1304 solet
768 1271 830 1319 saepe

69 1333 161 1377 mentiri
169 1336 198 1377 ‘et
206 1334 295 1392 jurare.

62 1443 64 1445 .
98 1408 158 1453 Hinc
178 1412 265 1468 stupor,
287 1412 381 1463 tremor,
396 1405 509 1461 confusio,
532 1406 665 1463 detestatio,
687 1408 831 1467 propositum

70 1496 188 1541 nunquam
204 1481 315 1541 peccandi
327 1481 449 1529 venialiter
466 1480 605 1539 deliberate,
622 1488 645 1527 et
663 1494 716 1541 utrae
734 1496 762 1527 ex
774 1482 831 1527 snb-

70 1558 174 1617 reptione
200 1557 317 1616 accidunt,
329 1557 406 1617 quoad
426 1557 522 1616 potaris
534 1556 640 1603 cauendi.
660 1557 791 1616 Utrumque
808 1558 831 1602 in

70 1632 185 1692 colloquio
198 1637 259 1693 pete.

337 1812 376 1857 nr.
394 1811 564 1881 rrunrrurro.

307 1923 381 1971 Pueoce
395 1924 480 1983 peccunt
495 1923 600 1970 curticlis

97 2044 220 2082 Praeteritum
230 2043 247 2081 Ι,
258 2061 284 2070 -
292 2040 377 2091 Specurn
386 2039 535 2078 subterraneam
548 2036 658 2088 Purgatorii
669 2041 766 2087 spectare.

98 2136 220 2174 aratrorum
230 2135 257 2173 ΙΙ.
268 2154 295 2162 -
306 2132 416 2171 Salutarem
426 2131 468 2180 ejus
476 2129 567 2168 timorem
577 2134 651 2179 petere.

100 2243 217 2289 Puucrunr
230 2241 247 2285 1.
260 2264 287 2273 -
301 2240 362 2284 Deus
380 2243 443 2283 carto
456 2236 543 2281 certius
560 2234 641 2296 puniet
657 2238 781 2295 peccatum
792 2247 834 2279 ve-

71 2318 141 2375 niale,
155 2316 192 2366 uel
203 2301 354 2370 levissimum,
369 2326 411 2360 neo
422 2311 541 2358 remittere
552 2310 646 2372 poterit,
662 2308 726 2355 salua
742 2308 834 2368 justitia

73 2399 96 2439 et
114 2393 238 2440 sanctitate
257 2405 307 2448 sna,
321 2390 366 2436 uisi
383 2394 492 2451 peccator
506 2401 531 2434 se
549 2389 599 2447 ipse
614 2384 697 2447 puniat
711 2385 786 2444 poeuis
797 2383 835 2429 hic

73 2476 154 2530 sponte
166 2468 288 2528 susceptis,
301 2466 337 2512 uel
346 2461 430 2515 saltem
442 2464 503 2510 ultro
517 2463 620 2525 acceptis
633 2468 656 2507 et
667 2460 781 2521 patienter
798 2464 836 2515 to-

73 2546 161 2593 leratis.
173 2545 232 2592 Vide
243 2544 315 2603 igitur
326 2542 382 2602 quid
394 2541 475 2597 faciae,
490 2546 512 2585 et
526 2539 568 2585 tibi
581 2537 638 2599 quid
651 2534 778 2581 incumbat.
830 2550 844 2578 ,·

104 2608 258 2668 Pnnnnun'tt.
276 2618 377 2662 -Deus
392 2616 450 2661 illud
466 2628 527 2674 saepe
539 2614 606 2674 punit
628 2613 659 2656 in·
670 2616 714 2656 nac
731 2610 788 2656 uita.
812 2613 836 2653 nt

75 2710 148 2743 sacrae
160 2695 286 2755 Scripturas
300 2679 470 2739 restaurasse
483 2702 539 2735 rruor
550 2687 625 2745 Lotbi‚
639 2682 836 2732 oblatamcurio-
