1715 2908
50 175 100 224 114
331 190 387 225 urus
419 190 529 225 uncinus

51 293 99 332 tem
111 301 116 331 z
132 285 240 332 Dominus
251 298 322 339 meur,
336 292 357 331 et
368 286 428 333 Deus
438 299 500 331 meus
512 287 549 346 (t).
562 287 762 335 Hemorrboissam
774 288 812 335 di-

51 366 142 406 centem
154 376 159 405 :
171 361 196 405 Si
206 360 299 418 tetigero
316 366 405 407 tuntum
417 360 531 419 Jiirrbriunt
545 361 672 409 vestimenti
683 364 739 422 epus,
750 364 813 418 suino

51 450 89 482 ero
104 438 141 495 (⁰2).
153 436 221 482 Disue
240 449 268 481 ex
287 437 343 495 ipsis
356 437 411 496 quid
424 449 486 494 agas,
501 437 558 496 quid
574 438 684 497 loquaris,
696 439 812 498 quomodo

52 512 126 571 ipsum
138 511 254 570 suscipere
266 509 351 556 debeas
361 512 410 570 jam
422 511 577 557 immortalem
587 518 610 557 et
622 491 757 571 gforiosum.

81 586 198 635 Puuururu
210 586 286 633 HL-
300 586 424 633 Considera
435 586 519 633 iterum
531 587 679 646 quomodote
690 599 765 646 geras,
775 585 813 631 ubi

52 661 131 716 talem,
144 666 281 721 tantumque
294 661 409 720 hospitem
423 662 587 709 introduxeris.

81 738 108 781 40
129 738 186 785 Cum
203 736 301 785 Zauhaeo
323 737 408 796 surripi
430 736 494 783 ilium
515 736 654 798 pandensid)
674 737 698 783 iu
720 737 814 783 domum

52 820 125 871 tuam,
139 820 163 858 et
175 812 232 858 offer
243 812 277 857 iiii
290 825 317 858 ex
330 812 399 862 corde
409 811 486 859 omnia
498 817 547 858 tua.

83 892 109 934 20
122 888 179 933 Cum
191 887 285 953 Angelis
296 886 425 934 astantibus
434 886 500 933 illum
512 886 592 943 adora,
606 886 695 946 gratias
707 901 759 947 age,
772 900 815 934 re·
837 903 839 906 ·

53 963 188 1021 niampete.
731 974 732 978 ¹

83 1041 109 1083 3⁰
124 1038 207 1084 Adduo
224 1037 254 1085 ad
271 1036 336 1084 iilum
352 1048 430 1083 omues
446 1034 569 1083 fatuitates
586 1041 647 1094 tuas,
662 1049 721 1096 quas
739 1032 814 1094 sanet,

53 1114 184 1161 sanctificet
197 1119 220 1159 et
232 1117 305 1173 regat.
664 1149 667 1156 ,
738 1149 741 1156 ,

85 1191 111 1236 40
121 1189 165 1235 Die
178 1199 183 1231 :
197 1187 255 1242 Quid
264 1185 391 1234 retribuum
406 1184 503 1232 Doruiuo
514 1199 560 1245 pro
571 1186 672 1232 omatibus
683 1200 731 1247 quur
742 1187 816 1234 retri-

56 1264 105 1311 buit
114 1264 171 1310 mibi
183 1262 231 1323 (ur
242 1262 297 1308 offer
309 1260 343 1306 iili
359 1259 455 1307 bostium
467 1266 575 1315 sarratam,
586 1262 632 1321 ipsi
641 1262 764 1321 placentem
775 1263 813 1322 (5),

55 1341 170 1400 insignem
183 1339 284 1398 aliquam
297 1337 330 1384 tui
344 1333 476 1383 ui‘otoriam.

86 1419 112 1460 50
126 1417 170 1462 Sed
193 1414 248 1475 quid
267 1412 302 1458 iili
322 1412 449 1458 retribuam
466 1426 507 1471 pro
525 1425 550 1459 se
563 1413 631 1474 ipso‘?
649 1414 715 1462 trade
737 1411 773 1460 illi
795 1421 817 1460 et

55 1494 132 1553 ipsum
145 1496 219 1539 totum
228 1487 411 1535 irrevocabiliter
421 1502 450 1533 ex
461 1487 531 1533 votis.

87 1568 177 1613 6⁰·Pete
188 1567 301 1613 instanter
313 1571 338 1609 ut
353 1569 428 1609 toturn
443 1569 465 1607 te
485 1562 529 1608 sibi
544 1564 608 1609 uniat
626 1565 649 1609 in
669 1570 816 1625 perpetuum,

58 1651 131 1693 toturn
145 1643 168 1688 iu
178 1655 203 1688 se
210 1638 359 1687 transformet
369 1652 410 1698 per
425 1638 529 1685 divinum
546 1638 611 1684 iilum
629 1639 714 1696 cibum,
729 1656 817 1703 suaque

57 1718 154 1765 consilia
166 1717 189 1762 in
200 1722 223 1761 te
234 1713 337 1773 impleat.

86 1793 191 1854 Denique
202 1791 225 1838 in
239 1790 354 1851 colloquio
364 1788 493 1850 diosaepius
502 1802 555 1835 eum
565 1790 685 1852 discipulis
694 1791 803 1839 Emmaus
813 1808 817 1837 :

56 1871 124 1918 Mum
139 1867 252 1915 uobiscum
264 1866 301 1925 (t),
313 1865 419 1921 Duuu'ue,¹
431 1871 454 1911 et
466 1866 565 1913 termina
583 1880 624 1927 per
636 1867 765 1914 orationem
789 1869 817 1913 do

56 1950 140 1995 saneto
153 1945 311 1993 Sacramenta.

301 2105 333 2153 x.
351 2086 577 2152 cousruuaurro.

121 2209 154 2255 De
174 2207 313 2270 Repulurum
328 2205 471 2264 praestantia,
489 2205 597 2259 utilitate,
614 2204 755 2265 obliquitate.

87 2309 121 2354 Ex
132 2307 167 2353 his
180 2306 324 2354 aestimandae
334 2309 395 2359 sunt,
407 2305 521 2359 amandae,
535 2303 694 2352 observanda.

87 2386 105 2430 1.
118 2409 145 2417 —
158 2383 244 2428 Earum
262 2379 398 2444 praestantia
414 2379 512 2425 habetur
525 2379 672 2440 potissimum
685 2380 799 2429 extribus
812 2394 817 2425 :

88 2461 114 2504 to
125 2458 162 2504 Ex
173 2457 293 2503 voluntate
304 2455 355 2512 Dei,
370 2468 423 2514 quae
442 2460 533 2501 constat
547 2468 575 2499 ex
591 2456 756 2515 approbatione
773 2456 819 2501 Eo-

80 2626 211 2671 (drinaum.
472 2620 628 2661 (diPsaInr.uuv.
653 2600 655 2603 Α
680 2645 683 2650 -

79 2671 222 2718 (Quintilem.
474 2666 628 2712 (dlitomannn.
674 2690 676 2695 -

80 2718 106 2766 (3)
113 2719 157 2755 Luu.
167 2725 204 2751 uix.
473 2711 500 2758 (6)
508 2710 551 2750 Luu.
562 2721 614 2749 uuir.
