1715 2908
58 136 107 187 120
328 151 385 187 oues
402 150 551 186 pensemus

57 256 81 295 et
92 252 202 296 meritum
221 251 374 309 paupertatis,
389 254 411 295 et
431 247 565 307 divitiarum
584 248 706 293 commoda
722 250 821 307 oonjnn·

59 338 121 383 gere,
142 325 203 386 quod
221 325 364 384 impossibile
386 331 428 370 est.
440 324 495 369 Haeo
514 330 549 369 est
567 323 697 384 hypocrisis
718 328 741 367 et
758 336 821 368 mera

59 400 176 445 simulatio
190 400 342 458 paupertatis.
357 401 380 445 Si
390 412 445 444 vere
456 397 573 443 Christum
584 410 655 453 amas,
668 398 763 452 nudum,
776 398 822 444 ino,

58 488 117 534 pem,
131 487 227 531 egenum
239 473 379 532 amplectere
389 478 414 518 et
423 485 530 532 sequere.

87 550 203 595 Portarum
216 548 254 592 lll.
269 574 296 581 -
318 548 429 594 Eamdem
447 547 553 607 sequitur
571 547 650 593 mnndi
675 553 822 606 contemptus

58 623 149 683 duplex,
165 624 255 668 activus
268 623 357 668 scilieet
368 628 391 667 et
401 622 516 683 passivus,
528 622 586 668 Vide
605 626 705 682 quantus
724 628 822 681 uterque

59 698 83 742 in
97 697 188 743 Christo
206 703 316 743 nascente
329 698 411 753 fnerit3
424 703 449 740 t⁰
460 696 516 756 qnid
537 697 652 742 sentiebat
671 697 776 743 Christus
793 697 822 743 de

58 773 193 829 bonoribus,
208 773 303 827 diuitiis,
317 773 414 827 deliciis,
429 778 451 817 et
468 774 624 831 caeterisquae
642 773 741 819 mundus
760 779 822 818 amat

61 856 83 893 et
96 849 260 908 amplectitur?
273 849 322 894 haee
335 848 413 893 omnia
423 860 513 893 summo
532 861 585 893 oum
597 848 691 894 fastidio
708 847 822 908 despieie-

59 923 113 977 bah
121 930 143 968 et
156 922 318 969 arbitrabatur
329 930 354 968 ut
364 930 465 968 stercora
477 923 514 981 lt),
527 927 550 967 et
564 930 586 967 tn
598 923 661 967 disee
674 924 727 968 hino
741 923 823 977 obhor-

60 1012 110 1043 rere
123 999 221 1052 omrrino,
235 1004 257 1044 ot
267 1011 312 1042 non
324 1011 351 1042 etr
360 1004 427 1057 porte
440 997 466 1041 nb
480 997 579 1043 omnihus
592 1012 640 1057 quse
652 997 749 1043 rotrodus
761 1004 823 1045 ornet

60 1081 80 1120 et
91 1074 243 1133 arnplertt‘tttr.
256 1075 324 1119 Juxta
335 1075 355 1119 ll
363 1075 478 1120 Summar.
490 1074 571 1132 Regni.

90 1152 115 1197 2⁰
127 1149 172 1195 Sed
183 1148 238 1209 quid
252 1149 350 1193 mundus
366 1150 415 1208 ipse
427 1150 456 1194 de
468 1149 576 1195 Christo?
590 1163 642 1194 eum
655 1154 681 1194 nt
691 1162 823 1209 paupercu-

61 1223 116 1278 lum,
138 1223 302 1280 mendiorrlum,
325 1222 384 1268 forte
406 1236 447 1269 neo
470 1228 573 1283 aspectu,
596 1225 635 1269 vix
657 1223 823 1284 compassionis

61 1299 146 1344 affectu
159 1298 305 1356 dignabatur.
319 1298 348 1343 ln.
358 1298 456 1358 propr-tn
470 1299 540 1352 benit,
555 1305 575 1344 et
593 1300 629 1344 sui
641 1313 691 1344 eunt
703 1313 749 1344 non
761 1313 823 1344 rere-

60 1380 145 1433 prruut
158 1375 195 1432 (2).
209 1373 265 1430 Quae
280 1373 418 1432 indignitas!
434 1387 487 1434 qnae
506 1374 660 1434 ingratitudo!
676 1376 730 1434 quin
750 1375 824 1420 ambis

62 1450 112 1495 haee
124 1449 208 1494 Christi
218 1448 334 1506 insigniat

91 1523 151 1580 Quid
162 1524 262 1568 mundns
275 1523 304 1568 de
314 1528 375 1577 te,et
388 1523 443 1582 quid
455 1529 479 1568 tn
491 1524 520 1569 de
531 1524 624 1579 mundo,
635 1525 729 1584 quinon
741 1538 824 1579 es,neo

61 1611 111 1643 esse
122 1597 192 1642 debes
203 1599 231 1642 de
242 1597 285 1643 hoo
297 1597 401 1642 mundo?

91 1672 244 1730 Colloquium.
257 1673 300 1716 Dio
312 1685 365 1717 cnm
376 1671 485 1731 Apostolo
500 1688 505 1716 ε
519 1672 585 1718 Absit
596 1673 654 1718 milti
667 1673 768 1732 ploriuri
777 1675 824 1719 nisi

62 1747 88 1792 in
101 1747 182 1799 Cattae,
192 1751 215 1791 et
226 1747 339 1805 praesepio
352 1746 444 1792 Domini
454 1747 528 1792 nostri
540 1747 594 1793 Jesu
603 1747 690 1793 Christi
699 1749 737 1807 (3).

326 1896 361 1940 lll.
380 1895 551 1941 llEDlTATIO.

279 1991 309 2037 Do
325 1991 412 2037 Christi
429 1991 613 2038 dtrrumrtstone.

89 2092 211 2127 Proetndr'nm
220 2092 238 2128 I.
249 2110 274 2118 -
285 2089 379 2128 Historia.

90 2166 210 2202 ttroetnuttruu
222 2165 250 2203 H.
262 2184 288 2193 ·-
302 2163 422 2214 Compositio
430 2164 478 2205 loci.

90 2239 210 2276 Paerturb'ont
221 2240 259 2278 ΠΙ.
270 2259 296 2275 -,-
307 2233 378 2278 Petitio
391 2240 467 2291 gratiae,
476 2238 558 2290 spiritus
565 2238 730 2279 mortificationis,

94 2327 398 2374 Perierunt-Considera
406 2328 524 2375 Christum
531 2329 828 2386 tertiamvirtutemhumi

63 2402 136 2447 litatis
149 2407 172 2446 et
181 2403 324 2463 paupertatis
335 2403 452 2458 comitem,
461 2405 553 2464 sibique
563 2404 731 2463 charissimam,
745 2421 826 2467 nempe

63 2478 273 2534 mortificationem,
284 2480 359 2539 primo
370 2493 462 2540 qnoque
474 2486 578 2541 tempore
589 2481 688 2529 coluisse
698 2490 722 2529 et
734 2497 777 2530 nos
791 2484 828 2529 do·

85 2615 110 2660 {tl
120 2615 202 2662 Philipp.
211 2627 240 2653 nr.
482 2619 510 2665 (3)
518 2618 581 2666 Galat.
591 2630 620 2657 rr.

86 2662 111 2708 (ht
120 2661 173 2699 toan,
186 2672 201 2699 1.
385 2702 387 2706 Α
