1715 2812
15 443 18 449 .
98 299 815 443 autumniautumni

305 598 405 654 utus
438 598 604 655 PRIMUS

368 726 542 762 PRAEPARATIO

73 884 83 929 l
103 822 238 928 {troporum
265 823 334 868 cordo
357 828 433 869 oestro
455 822 566 879 Domino,
587 830 609 870 et
634 824 717 871 servito
739 824 760 870 ci
786 824 834 871 soli.

124 896 160 941 eg.
176 896 219 928 vir.

345 989 369 1032 t.
386 987 557 1034 utuntuttio.

214 1076 359 1136 Priepurotio
372 1076 401 1121 ud
409 1075 513 1134 furiendo
526 1076 661 1138 Emeruitiu(
678 1080 694 1136 i.

101 1184 221 1220 Piruliidtum
231 1185 248 1220 I.
258 1201 283 1209 ν-
294 1182 345 1221 audi
357 1182 458 1220 Christum
470 1181 569 1221 dicentem
582 1194 587 1221 :
602 1185 661 1223 Posui
675 1197 709 1222 not
723 1191 746 1222 ut
760 1189 807 1223 critis
818 1192 836 1224 ci

40 1253 41 1256 ¹
74 1238 164 1284 fructum
175 1238 264 1285 offeratis
270 1249 279 1285 7·
289 1240 307 1272 ct
317 1238 394 1283 frotetus
405 1241 468 1272 verte-r
478 1241 560 1273 ittotteot
568 1233 605 1286 (2).

99 1303 222 1338 Prulrui'mn
232 1303 259 1340 H.
269 1301 350 1339 -Pete
360 1300 444 1351 gratiam
457 1300 550 1350 capiendi
561 1305 580 1339 et
591 1301 688 1351 implendi
699 1303 781 1341 verbum
791 1305 835 1344 hoc.

102 1397 218 1443 Puncruu
230 1398 247 1442 Ι.
255 1423 282 1431 -
292 1397 417 1442 Considera
425 1397 494 1441 finem
503 1410 569 1441 sacro
581 1397 682 1442 secessui
692 1399 835 1458 propositum

72 1482 117 1515 non
126 1483 176 1515 esse
189 1477 278 1515 tantum
290 1470 378 1529 aliquot
389 1471 439 1515 dies
451 1474 487 1515 vel
496 1471 654 1516 hebdomadas
664 1477 735 1525 recte,
748 1472 834 1532 quiete,

68 1546 109 1604 pie
122 1546 264 1603 transigere3
276 1545 328 1604 pius
342 1545 452 1604 temporis
465 1545 564 1590 orationi
576 1545 706 1601 tribuendo,
719 1546 743 1590 iu
757 1548 835 1606 operi-

71 1620 115 1664 bus
126 1620 270 1679 poenitentiae
281 1626 303 1664 te
317 1619 459 1674 exercend03
471 1619 517 1665 imo
531 1619 574 1664 soli
584 1621 633 1664 Deo
643 1620 710 1665 unice
720 1622 833 1677 vacando,

71 1695 134 1754 quod
145 1709 185 1753 per
196 1708 221 1739 se
231 1708 320 1740 summe
331 1694 432 1754 optabile
445 1699 480 1739 est
492 1710 496 1739 :
509 1695 549 1739 sed
560 1700 674 1754 praeterea
685 1697 834 1756 etpraecipue

71 1783 122 1816 esse
132 1770 253 1829 disponere
265 1770 368 1816 animum
379 1769 531 1815 adtollendus
542 1783 620 1816 omues
630 1771 763 1817 affectiones
775 1772 834 1817 male
846 1767 850 1777 '

71 1846 199 1901 ordinatas,
215 1853 246 1901 et,
259 1846 305 1891 iliis
318 1845 424 1900 sublatis,
437 1845 466 1891 ad
486 1846 644 1905 qiiaerendam,
662 1846 832 1902 inveniendam,

70 1922 213 1981 sequendam
224 1921 266 1966 Dei
284 1920 435 1975 uoluntatem,
449 1921 510 1966 circa
528 1921 583 1966 vitae
603 1927 698 1975 statum,
712 1927 735 1966 et
751 1921 834 1968 animae

71 1996 170 2043 salutem
182 2010 209 2043 ac
223 1996 388 2057 perfectionem
401 2011 406 2040 ι
421 2008 519 2055 quorum
532 1996 631 2041 aiterum
641 1995 670 2041 ad
680 1997 831 2055 praeteritum,

72 2064 170 2121 aiterum
181 2074 210 2120 ad
222 2062 326 2120 futurum
339 2074 439 2133 pertinet
452 2088 457 2117 :
473 2079 597 2132 utrumqne
613 2073 706 2117 maximi
724 2075 833 2119 momenti

71 2156 115 2206 est,
137 2155 234 2209 utpote
252 2150 281 2195 ad
301 2150 457 2195 aeternitatem
477 2155 598 2208 spectans;
617 2154 698 2206 estque
715 2150 833 2207 negotium

63 2233 150 2286 grave,
164 2225 292 2285 personale7
307 2225 399 2270 omnino
420 2231 443 2270 et
462 2226 529 2269 unice
546 2223 714 2280 necessarimm
729 2226 833 2285 adeoquo

71 2304 129 2348 bene
143 2300 368 2360 apprehendendum,
383 2300 473 2345 fortiter
489 2299 678 2358 aggrediendum,
694 2301 796 2345 studiose
810 2305 833 2346 ct

71 2381 204 2424 constanter
225 2376 392 2434 exequendum.
410 2376 465 2422 Haeo
486 2375 579 2422 videet
597 2374 642 2431 iac,
660 2378 686 2418 ut
706 2376 832 2420 moriturus

70 2452 153 2500 fecisse
165 2449 237 2496 votes.

101 2530 217 2573 Puucrnu
233 2526 261 2571 u.
274 2551 301 2558 -
312 2525 386 2572 Media
409 2526 438 2572 ad
459 2526 520 2572 hunc
540 2525 609 2570 finem
627 2525 758 2571 necessaria
778 2524 832 2571 'sunt

93 2655 121 2701 (l)
129 2654 214 2696 Gaudior,
224 2661 264 2696 cap.
273 2661 322 2687 xxiv.
476 2652 503 2696 (2)
513 2650 565 2686 ioan.
576 2659 592 2685 o.
600 2659 630 2692 xv,
638 2650 668 2685 to.
