1715 2812
57 77 75 125 2
97 112 100 117 -
369 95 508 133 rnmrnrio

59 188 118 238 Sodi
131 190 276 253 apostolicae
286 192 399 244 oblatum
409 199 457 259 est,
466 197 520 246 sive
530 199 559 247 ut
569 196 600 246 ab
613 212 642 254 eo
652 193 827 260 approbatum·

57 276 147 336 postea
154 274 380 329 Constitutiouibus
393 280 467 329 editis
478 268 631 345 explicatum
644 280 691 340 est,
700 281 819 341 tanquam

58 356 180 407 latentem
190 359 216 408 in
225 361 320 410 semine
332 357 442 412 fructum
452 364 571 413 condidit.
584 365 656 412 Unde
665 363 707 410 lex
719 361 820 410 interna

59 441 89 489 ab
108 442 244 494 Exercitiis
260 446 435 510 spiritualibus
446 443 539 498 hausta
555 447 650 511 primos
662 448 754 496 Patres
766 444 820 493 uti-

59 539 115 586 que,
124 527 234 576 nondum
246 528 322 579 editis
334 531 450 594 Regulis‚
458 530 570 580 mirabili
582 529 743 580 consensione
755 528 820 576 diri·
834 521 836 523 ’

58 607 143 668 gebat.

91 690 157 738 Hinc
169 692 262 743 merito
276 694 303 743 in
319 688 446 746 Societate
456 697 580 745 statutum
597 697 644 756 est⁷
659 695 685 743 et
700 709 715 742 a
730 693 819 756 primis

58 780 137 833 usque
158 776 316 838 temporibus
335 781 480 827 constanter
503 781 646 839 servatum,
664 779 693 825 ut
710 775 820 839 primum

58 846 222 905 Novitiorum
241 860 442 922 experimentum
455 865 539 909 essent
550 859 680 908 Exercitia
698 858 821 921 spiritua·

58 934 94 984 lia
104 946 150 1000 per
162 949 274 989 mensem
287 942 407 998 obeunda.
422 943 451 990 ln
464 958 512 1006 quo
524 946 610 991 tamen
623 957 637 989 a
649 940 736 989 multis
749 939 820 988 annis

58 1022 154 1071 tenerae
168 1018 194 1074 N
196 1025 333 1075 ovitiorum
346 1021 417 1076 aetati
429 1028 567 1091 prudenter
579 1026 721 1074 consultum
733 1027 780 1087 est,
793 1027 821 1073 ut

59 1105 153 1154 mensis
165 1106 217 1169 ille⁷
237 1125 286 1158 non
302 1111 419 1158 continuo
440 1110 519 1172 fluxu,
543 1113 569 1158 et
592 1125 641 1158 uuo
661 1111 758 1169 tenore,
777 1109 820 1156 sed

59 1187 219 1252 interpolatis
235 1193 331 1242 vicibus
345 1194 471 1257 obiretur;
485 1210 530 1258 per
551 1194 616 1256 quod
628 1196 653 1241 et
672 1192 749 1241 taedio
762 1192 820 1240 lon-

59 1272 139 1334 gioris
153 1288 264 1324 secessus
277 1277 404 1340 obuiatur⁷
417 1280 443 1327 et
452 1280 526 1326 aucto
538 1277 639 1325 feruore
651 1275 749 1324 fructus
762 1276 820 1323 ube-

59 1354 113 1401 rior
125 1355 262 1423 colligitur.

95 1437 168 1485 ldem
176 1454 222 1500 pro
232 1440 351 1490 Patribus
361 1442 433 1490 tertii
444 1431 512 1504 anni,
524 1456 568 1490 seu
580 1440 677 1489 ultimae
689 1440 821 1502 probatio-

60 1519 109 1583 uis,
118 1523 144 1569 et
154 1523 297 1585 expressius
310 1523 491 1587 praescribitur,
503 1528 528 1572 et
537 1526 655 1573 servatur
667 1522 819 1584 accuratius,

61 1605 90 1651 ut
101 1606 160 1666 pote
171 1601 253 1668 magis
273 1607 416 1672 capacibus.
430 1608 472 1660 De,
483 1607 572 1673 quibus
589 1606 624 1655 sic
643 1606 750 1653 liabetur
766 1607 821 1653 Re-

59 1686 120 1748 gula
132 1702 218 1735 eorum
234 1688 259 1737 ὅ,
273 1690 302 1736 ln
316 1705 360 1738 sex
372 1689 508 1738 Societatis
520 1689 714 1753 experimentis,
726 1691 752 1735 et
764 1688 820 1735 aliis

58 1769 196 1819 humilibus
205 1770 280 1833 juxta
291 1771 438 1822 Novitiatus
451 1765 656 1822 consuetudinem
665 1772 820 1819 exercebun·

58 1855 110 1913 tur,
126 1855 225 1916 sumpto
237 1854 309 1904 initio
323 1870 337 1904 a
349 1854 522 1918 spiritualibus
535 1854 681 1915 Exercitus,
695 1868 741 1916 per
752 1854 822 1902 inte·-

58 1950 133 1997 grum
149 1951 270 1985 mensem.
284 1931 314 1985 ln
327 1954 374 2001 quo
388 1940 455 1987 solus
475 1937 630 1987 reverendus
643 1939 716 2000 pater
736 1936 821 1984 (lene-

60 2010 123 2066 ralis
141 2019 286 2083 dispensare
306 2023 404 2084 potest;
419 2022 462 2069 sed
475 2021 519 2070 vix
535 2035 645 2083 uuquam
662 2019 750 2082 debet;
765 2034 821 2067 cum

60 2094 87 2147 id
99 2100 156 2148 fieri
169 2102 213 2149 vix
226 2103 305 2164 possit
317 2119 366 2151 non
383 2103 464 2152 solum
477 2105 570 2166 absque
586 2101 748 2164 perfectionis
761 2102 805 2163 illo

59 2199 118 2233 rum
136 2179 275 2247 dispendio,
290 2182 333 2234 sed
350 2187 428 2235 etiam
441 2182 534 2250 absque
552 2186 641 2235 salutis
654 2185 776 2247 periculo,
792 2188 821 2234 ut

57 2270 147 2316 notant
159 2272 185 2315 et
197 2269 300 2317 tradunt
311 2269 389 2331 periti
397 2266 553 2332 probationis
563 2269 631 2316 illius
640 2268 820 2318 Instructores.
837 2285 839 2288 ·

93 2352 127 2400 Et
141 2350 257 2413 quoniam
274 2342 364 2400 iisdem
376 2353 458 2401 causis
470 2368 512 2401 res
525 2354 716 2412 conservantur,
731 2352 819 2414 quibus

61 2433 143 2499 primo
160 2435 341 2497 producuntur,
356 2450 426 2498 aeque
443 2432 570 2500 'sapienter'
588 2437 712 2485 statutum
730 2438 778 2497 est,
792 2437 821 2485 ut

51 2532 145 2568 omnes
156 2518 289 2582 quotannis
298 2521 389 2566 uacent
398 2518 571 2582 spiritualibus
583 2517 718 2567 Exercitiis
729 2518 820 2567 obeun-

57 2602 97 2652 dis
108 2616 155 2667 per
167 2603 223 2651 octo
236 2601 278 2650 vel
290 2602 376 2650 decem
389 2602 519 2653 continuos
531 2602 593 2653 dies.
608 2602 679 2656 Quod
691 2603 720 2650 ut
732 2616 820 2650 serve-
