1715 2812
63 136 97 189 24
360 143 416 194 ntes
434 156 531 194 enimus

94 248 120 290 5⁰
131 247 219 295 Exacta
231 248 367 296 studiositas
378 252 478 298 faciendi
489 252 580 312 singula
594 252 712 298 Exercitia
724 255 828 312 tempore

59 323 205 382 praestituto.
846 337 848 340 ’

94 402 120 442 6⁰
132 399 237 445 Perfecto
247 398 348 447 fidelitas
358 401 381 447 in
394 401 440 447 illis
450 402 495 448 rite
506 402 627 457 obeundis,
639 403 662 448 in
674 391 771 462 singulis
782 401 829 446 im-

59 469 146 531 piendo
157 478 249 534 tempus
262 474 374 533 debitum,
387 490 440 523 cum
452 477 533 524 debita
546 477 617 525 animi
626 477 789 539 applicatione.

93 549 120 594 70
131 548 224 595 Juvahit
237 549 267 596 ad
274 541 437 599 ‘collectionem
449 552 520 599 animi
533 560 556 600 et
568 551 770 613 compunctionem
781 565 828 598 cor·

65 622 203 670 dismanere
212 625 237 670 in
247 627 358 684 tenebris,
373 634 396 674 et
408 628 482 675 lucem
495 628 575 688 fugere
585 634 698 690 quantum
714 628 764 675 fieri
784 639 828 689 po-

26 744 28 747 ,
62 695 128 742 terit.

93 778 119 820 8⁰
131 775 237 822 Proderit
248 790 341 839 quoqne
350 780 379 826 ad
391 779 480 839 gratias
492 772 652 840 impetrandas
661 779 764 840 aliquam
776 791 828 839 poe-

63 849 186 897 nitentiam
199 865 316 900 exercere.

165 980 179 1040 ξ)
191 984 213 1026 3.
228 1005 255 1016 -
271 982 360 1030 Muttito
371 982 469 1042 proprio
482 983 544 1029 circo
558 983 726 1041 Meditotiones.

94 1075 209 1134 Quoniam
219 1078 380 1124 lledltationes
391 1083 445 1124 siant
455 1079 505 1139 ipsa
516 1079 641 1134 Exercitia
655 1084 726 1139 caput
736 1078 829 1140 estillas

64 1151 169 1196 studiose
179 1152 299 1211 perlicere.
311 1153 426 1208 Quocirca
438 1167 443 1196 ε

95 1227 120 1269 l⁰
131 1224 258 1284 Diligenter
268 1227 429 1286 praeparandae
442 1232 504 1281 sunt,
519 1232 609 1273 attente
622 1226 736 1273 audiendo
749 1231 789 1272 aut
800 1225 830 1270 le·

64 1299 139 1356 gendo
151 1298 243 1360 singula
262 1305 356 1357 puncta,
370 1299 470 1359 praeviso
487 1300 566 1344 fructu
585 1300 672 1345 axillis
687 1299 828 1357 colligendo;

65 1372 147 1419 eadem
159 1386 255 1433 vespere
266 1379 320 1420 ante
332 1386 439 1431 somnum
450 1373 553 1420 breviter
562 1373 702 1429 revocando,
716 1379 739 1418 et
751 1386 827 1427 mane,

20 1462 26 1468 ⁸
64 1447 104 1494 ubi
116 1461 130 1493 a
141 1460 221 1494 somno
231 1449 349 1504 excitaris,
359 1449 397 1495 vel
409 1462 450 1509 per
463 1449 532 1504 diem,
540 1449 580 1494 ubi
593 1449 764 1509 appropinquat
775 1454 830 1494 tem·

65 1536 109 1583 pus
122 1523 260 1570 meditandi.

95 1603 122 1647 2⁰
138 1602 270 1660 Antequam
288 1599 463 1646 Meditationem
484 1597 636 1659 aggrediaris,
659 1597 829 1659 aliquantulum

65 1674 233 1734 quiescendum
241 1673 271 1720 ad
277 1674 433 1733 colligendum
444 1675 546 1721 animum
556 1690 560 1719 :
573 1674 658 1721 deinde
667 1680 732 1721 stans
745 1686 830 1721 revoca

65 1738 189 1810 diligenter
210 1750 346 1797 memoriam
365 1750 408 1795 Dei
425 1751 556 1810 presentis,
575 1750 698 1811 ipsumque
718 1763 771 1796 cum
785 1749 830 1795 fide

65 1831 197 1885 prostratus
208 1825 287 1872 adora.

96 1903 122 1945 3⁰
132 1898 177 1946 Ubi
189 1899 252 1946 solus
263 1905 288 1944 et
298 1898 568 1956 clanculum'meditans,
579 1902 632 1945 eum
646 1900 750 1960 corporis
760 1900 831 1946 situm

67 1987 185 2022 assumere
195 1979 269 2035 potes,
282 1975 389 2035 quemad
402 1974 549 2020 devotionem
562 1974 636 2033 magis
646 1976 729 2033 juvare
741 1980 809 2034 putas
822 1987 829 2019 ε

67 2050 92 2096 in
102 2050 195 2112 publico
208 2055 287 2097 autem
299 2055 362 2097 coetu
372 2049 423 2097 aliis
434 2054 457 2095 te
470 2050 615 2096 conturmare
627 2049 706 2104 debes,
718 2057 831 2109 quantum

35 2117 36 2120 '
67 2125 118 2173 fieri
127 2130 212 2185 potest.

97 2202 165 2247 t0lis
176 2202 268 2262 punctis
283 2200 424 2249 meditandis
442 2201 530 2256 insiste,
545 2200 569 2246 in
586 2199 670 2261 quibus
682 2200 830 2247 devotionem

67 2276 249 2332 inveneris,sine
259 2278 378 2323 anxietate
394 2275 530 2323 transeundi
542 2275 572 2321 ad
591 2274 636 2320 alia
650 2280 744 2335 puncta,
758 2277 831 2322 donec

67 2352 111 2399 tibi
121 2351 270 2398 satisfeceris.

98 2427 124 2473 5⁰
135 2425 248 2473 Absoluta
259 2425 363 2486 qualibet
372 2426 531 2489 llleditatione,
538 2425 642 2484 breviter
652 2425 831 2472 examinandum

67 2502 184 2564 quomodo
200 2503 224 2547 in
239 2514 267 2548 ea
284 2507 307 2546 te
325 2503 434 2561 gesseris.
451 2503 475 2548 Si
492 2501 553 2547 male
572 2501 684 2547 successit
701 2501 829 2557 limitatio,

66 2578 122 2626 vide
137 2578 161 2623 in
179 2591 224 2638 quo
244 2576 365 2633 deieceris,
380 2590 432 2623 cum
454 2576 597 2636 poenitudine
616 2581 639 2621 et
663 2576 830 2621 emendationis

30 2649 32 2652 ’
67 2652 196 2716 proposito.
207 2651 230 2698 Si
242 2651 394 2706 autemhene‚
402 2651 490 2710 gratias
501 2652 608 2711 Deoage,
620 2650 727 2697 eumdem
736 2650 830 2696 modum
